%
% A
%
%added!!!!!!!


@ARTICLE{Cheng1992AA266537C,
       author = {{Cheng}, Qing-Qi},
        title = "{Fluid motions in the solar atmosphere. I - On the origin and decay of spicules. II - A spicule model with emission lines}",
      journal = {\aap},
     keywords = {Solar Atmosphere, Spicules, Adiabatic Conditions, Chromosphere, Conductive Heat Transfer, Hydrodynamic Equations, Numerical Analysis, Solar Corona, Solar Radiation, Solar Physics},
         year = 1992,
        month = dec,
       volume = {266},
       number = {1},
        pages = {537-559},
       adsurl = {https://ui.adsabs.harvard.edu/abs/1992A&A...266..537C},
      adsnote = {Provided by the SAO/NASA Astrophysics Data System}
}

@ARTICLE{Cheng1992AA266549C,
       author = {{Cheng}, Q.~Q.},
        title = "{Fluid Motions in the Solar Atmosphere - Part Two - a Spicule Model with Emission Lines}",
      journal = {\aap},
     keywords = {hydrodynamics, shocks, radiation transfer, solar chromosphere, chromospheric line emission, spicules},
         year = 1992,
        month = dec,
       volume = {266},
        pages = {549},
       adsurl = {https://ui.adsabs.harvard.edu/abs/1992A&A...266..549C},
      adsnote = {Provided by the SAO/NASA Astrophysics Data System}
}

@ARTICLE{Cheng1992AA262581C,
       author = {{Cheng}, Qing-Qi},
        title = "{Fluid motions in the solar atmosphere. III - A possible explanation of the downflows}",
      journal = {\aap},
     keywords = {Chromosphere, Line Spectra, Plasma Dynamics, Solar Atmosphere, Solar Corona, Emission Spectra, Spicules, Solar Physics},
         year = 1992,
        month = sep,
       volume = {262},
       number = {2},
        pages = {581-586},
       adsurl = {https://ui.adsabs.harvard.edu/abs/1992A&A...262..581C},
      adsnote = {Provided by the SAO/NASA Astrophysics Data System}
}

@ARTICLE{Sterling1988ApJ327950S,
       author = {{Sterling}, Alphonse C. and {Hollweg}, Joseph V.},
        title = "{The Rebound Shock Model for Solar Spicules: Dynamics at Long Times}",
      journal = {\apj},
     keywords = {Magnetohydrodynamic Waves, Shock Waves, Solar Atmosphere, Spicules, Stellar Models, Chromosphere, Long Term Effects, Magnetohydrodynamic Stability, Solar Physics, HYDRODYNAMICS, SHOCK WAVES, SUN: ATMOSPHERE, SUN: TRANSITION REGION},
         year = 1988,
        month = apr,
       volume = {327},
        pages = {950},
          doi = {10.1086/166252},
       adsurl = {https://ui.adsabs.harvard.edu/abs/1988ApJ...327..950S},
      adsnote = {Provided by the SAO/NASA Astrophysics Data System}
}


@ARTICLE{Gonz2018arXiv180704224G,
       author = {{Gonz{\'a}lez-Avil{\'e}s}, J.~J. and {Guzm{\'a}n}, F.~S. and {Fedun}, V. and {Verth}, G. and {Sharma}, R. and {Shelyag}, S. and {Regnier}, S.},
        title = "{In situ generation of coronal Alfv{\'e}n waves by jets}",
      journal = {\mnras},
     keywords = {MHD, methods: numerical, Sun: atmosphere, Astrophysics - Solar and Stellar Astrophysics},
         year = 2019,
        month = apr,
       volume = {484},
       number = {2},
        pages = {1936-1945},
          doi = {10.1093/mnras/stz087},
archivePrefix = {arXiv},
       eprint = {1807.04224},
 primaryClass = {astro-ph.SR},
       adsurl = {https://ui.adsabs.harvard.edu/abs/2019MNRAS.484.1936G},
      adsnote = {Provided by the SAO/NASA Astrophysics Data System}
}

@Article{Shibata1982SoPh78333S,
  Title                    = {{Why are spicules absent over plages and long under coronal holes?}},
  Author                   = {{Shibata}, K. and {Suematsu}, Y.},
  Journal                  = {\solphys},
  Year                     = {1982},

  Month                    = jun,
  Number                   = {2},
  Pages                    = {333-345},
  Volume                   = {78},

  Adsnote                  = {Provided by the SAO/NASA Astrophysics Data System},
  Adsurl                   = {https://ui.adsabs.harvard.edu/abs/1982SoPh...78..333S},
  Doi                      = {10.1007/BF00151612},
  Keywords                 = {Coronal Holes, Faculae, Magnetohydrodynamic Waves, Shock Wave Propagation, Solar Atmosphere, Spicules, Atmospheric Density, Atmospheric Models, Propagation Velocity, Solar Temperature, Solar Physics}
}


@Article{Gudiksen2011AA531A154G,
  Title                    = {{The stellar atmosphere simulation code Bifrost. Code description and validation}},
  Author                   = {{Gudiksen}, B.~V. and {Carlsson}, M. and {Hansteen}, V.~H. and
 {Hayek}, W. and {Leenaarts}, J. and {Mart{\'\i}nez-Sykora}, J.},
  Journal                  = {\aap},
  Year                     = {2011},

  Month                    = jul,
  Pages                    = {A154},
  Volume                   = {531},

  Adsnote                  = {Provided by the SAO/NASA Astrophysics Data System},
  Adsurl                   = {https://ui.adsabs.harvard.edu/abs/2011A&A...531A.154G},
  Archiveprefix            = {arXiv},
  Doi                      = {10.1051/0004-6361/201116520},
  Eid                      = {A154},
  Eprint                   = {1105.6306},
  Keywords                 = {magnetohydrodynamics (MHD), radiative transfer, methods: numerical, Sun: atmosphere, stars: atmospheres, Astrophysics - Solar and Stellar Astrophysics},
  Primaryclass             = {astro-ph.SR}
}

@Article{Mart2020ApJ88995M,
  Title                    = {{Ion─neutral Interactions and Nonequilibrium Ionization in the Solar Chromosphere}},
  Author                   = {{Mart{\'\i}nez-Sykora}, Juan and {Leenaarts}, Jorrit and
 {De Pontieu}, Bart and {N{\'o}brega-Siverio}, Daniel and
 {Hansteen}, Viggo H. and {Carlsson}, Mats and {Szydlarski}, Mikolaj},
  Journal                  = {\apj},
  Year                     = {2020},

  Month                    = feb,
  Number                   = {2},
  Pages                    = {95},
  Volume                   = {889},

  Adsnote                  = {Provided by the SAO/NASA Astrophysics Data System},
  Adsurl                   = {https://ui.adsabs.harvard.edu/abs/2020ApJ...889...95M},
  Archiveprefix            = {arXiv},
  Doi                      = {10.3847/1538-4357/ab643f},
  Eid                      = {95},
  Eprint                   = {1912.06682},
  Keywords                 = {Astrophysics - Solar and Stellar Astrophysics},
  Primaryclass             = {astro-ph.SR}
}

@Article{Mart2018ApJ860116M,
  Title                    = {{Impact of Type II Spicules in the Corona: Simulations and Synthetic Observables}},
  Author                   = {{Mart{\'\i}nez-Sykora}, Juan and {De Pontieu}, Bart and
 {De Moortel}, Ineke and {Hansteen}, Viggo H. and {Carlsson}, Mats},
  Journal                  = {\apj},
  Year                     = {2018},

  Month                    = jun,
  Number                   = {2},
  Pages                    = {116},
  Volume                   = {860},

  Adsnote                  = {Provided by the SAO/NASA Astrophysics Data System},
  Adsurl                   = {https://ui.adsabs.harvard.edu/abs/2018ApJ...860..116M},
  Archiveprefix            = {arXiv},
  Doi                      = {10.3847/1538-4357/aac2ca},
  Eid                      = {116},
  Eprint                   = {1805.06475},
  Keywords                 = {magnetohydrodynamics: MHD, methods: numerical, radiative transfer, Sun: atmosphere, Sun: corona, Astrophysics - Solar and Stellar Astrophysics},
  Primaryclass             = {astro-ph.SR}
}

@Article{Mart2017Sci3561269M,
  Title                    = {{On the generation of solar spicules and Alfv{\'e}nic waves}},
  Author                   = {{Mart{\'\i}nez-Sykora}, J. and {De Pontieu}, B. and {Hansteen}, V.~H. and
 {Rouppe van der Voort}, L. and {Carlsson}, M. and {Pereira}, T.~M.~D.},
  Journal                  = {Science},
  Year                     = {2017},

  Month                    = jun,
  Number                   = {6344},
  Pages                    = {1269-1272},
  Volume                   = {356},

  Adsnote                  = {Provided by the SAO/NASA Astrophysics Data System},
  Adsurl                   = {https://ui.adsabs.harvard.edu/abs/2017Sci...356.1269M},
  Archiveprefix            = {arXiv},
  Doi                      = {10.1126/science.aah5412},
  Eprint                   = {1710.07559},
  Keywords                 = {ASTRONOMY, PHYSICS, Astrophysics - Solar and Stellar Astrophysics},
  Primaryclass             = {astro-ph.SR}
}

@Article{Roberts1979SoPh6123R,
  Title                    = {{Spicules: The resonant response to granular buffeting?}},
  Author                   = {{Roberts}, B.},
  Journal                  = {\solphys},
  Year                     = {1979},

  Month                    = feb,
  Number                   = {1},
  Pages                    = {23-34},
  Volume                   = {61},

  Adsnote                  = {Provided by the SAO/NASA Astrophysics Data System},
  Adsurl                   = {https://ui.adsabs.harvard.edu/abs/1979SoPh...61...23R},
  Doi                      = {10.1007/BF00155443},
  Keywords                 = {Magnetic Flux, Solar Granulation, Solar Magnetic Field, Solar Physics, Spicules, Atmospheric Physics, Magnetic Effects, Solar Corona, Solar Physics, Solar Chromosphere:Solar Spicules}
}

@Article{Mart2009ApJ7011569M,
  Title                    = {{Spicule-Like Structures Observed in Three-Dimensional Realistic Magnetohydrodynamic Simulations}},
  Author                   = {{Mart{\'\i}nez-Sykora}, Juan and {Hansteen}, Viggo and
 {De Pontieu}, Bart and {Carlsson}, Mats},
  Journal                  = {\apj},
  Year                     = {2009},

  Month                    = aug,
  Number                   = {2},
  Pages                    = {1569-1581},
  Volume                   = {701},

  Adsnote                  = {Provided by the SAO/NASA Astrophysics Data System},
  Adsurl                   = {https://ui.adsabs.harvard.edu/abs/2009ApJ...701.1569M},
  Archiveprefix            = {arXiv},
  Doi                      = {10.1088/0004-637X/701/2/1569},
  Eprint                   = {0906.4446},
  Keywords                 = {MHD, methods: numerical, radiative transfer, Sun: atmosphere, Sun: magnetic fields, Astrophysics - Solar and Stellar Astrophysics},
  Primaryclass             = {astro-ph.SR}
}


@Article{Haerendel1992Natur360241H,
  Title                    = {{Weakly damped Alfv{\'e}n waves as drivers of solar chromospheric spicules}},
  Author                   = {{Haerendel}, Gerhard},
  Journal                  = {\nat},
  Year                     = {1992},

  Month                    = nov,
  Number                   = {6401},
  Pages                    = {241-243},
  Volume                   = {360},

  Adsnote                  = {Provided by the SAO/NASA Astrophysics Data System},
  Adsurl                   = {https://ui.adsabs.harvard.edu/abs/1992Natur.360..241H},
  Doi                      = {10.1038/360241a0},
  Keywords                 = {Chromosphere, Magnetohydrodynamic Waves, Spicules, Stellar Structure, Density (Mass/Volume), Magnetohydrodynamics, Momentum Transfer, Solar Magnetic Field, Solar Physics}
}

@Article{Gonz2018ApJ856176G,
  Title                    = {{I. Jet Formation and Evolution Due to 3D Magnetic Reconnection}},
  Author                   = {{Gonz{\'a}lez-Avil{\'e}s}, J.~J. and {Guzm{\'a}n}, F.~S. and
 {Fedun}, V. and {Verth}, G. and {Shelyag}, S. and {Regnier}, S.},
  Journal                  = {\apj},
  Year                     = {2018},

  Month                    = apr,
  Number                   = {2},
  Pages                    = {176},
  Volume                   = {856},

  Adsnote                  = {Provided by the SAO/NASA Astrophysics Data System},
  Adsurl                   = {https://ui.adsabs.harvard.edu/abs/2018ApJ...856..176G},
  Archiveprefix            = {arXiv},
  Doi                      = {10.3847/1538-4357/aab36f},
  Eid                      = {176},
  Eprint                   = {1709.05066},
  Keywords                 = {magnetic reconnection, magnetohydrodynamics: MHD, methods: numerical, Sun: atmosphere, Sun: magnetic fields, Astrophysics - Solar and Stellar Astrophysics},
  Primaryclass             = {astro-ph.SR}
}

@Article{Hollweg1992ApJ389731H,
  Title                    = {{Alfvenically Driven Slow Shocks in the Solar Chromosphere and Corona}},
  Author                   = {{Hollweg}, Joseph V.},
  Journal                  = {\apj},
  Year                     = {1992},

  Month                    = apr,
  Pages                    = {731},
  Volume                   = {389},

  Adsnote                  = {Provided by the SAO/NASA Astrophysics Data System},
  Adsurl                   = {https://ui.adsabs.harvard.edu/abs/1992ApJ...389..731H},
  Doi                      = {10.1086/171246},
  Keywords                 = {Chromosphere, Magnetohydrodynamic Waves, Shock Wave Interaction, Solar Corona, Stellar Magnetic Fields, Computerized Simulation, Magnetic Flux, Photosphere, Stellar Models, Solar Physics, MAGNETOHYDRODYNAMICS: MHD, SHOCK WAVES, SUN: CHROMOSPHERE, SUN: CORONA}
}

@Article{Gonz2017ApJ,
  Title                    = {{Jet Formation in Solar Atmosphere due to Magnetic Reconnection}},
  Author                   = {{Gonz{\'a}lez-Avil{\'e}s}, J.~J. and {Guzm{\'a}n}, F.~S. and {Fedun}, V.},
  Journal                  = {\apj},
  Year                     = {2017},

  Month                    = feb,
  Pages                    = {24},
  Volume                   = {836},

  Adsnote                  = {Provided by the SAO/NASA Astrophysics Data System},
  Adsurl                   = {http://adsabs.harvard.edu/abs/2017ApJ...836...24G},
  Archiveprefix            = {arXiv},
  Doi                      = {10.3847/1538-4357/836/1/24},
  Eid                      = {24},
  Eprint                   = {1609.09422},
  Keywords                 = {magnetic reconnection, magnetohydrodynamics: MHD, methods: numerical, Sun: atmosphere, Sun: magnetic fields},
  Primaryclass             = {astro-ph.SR}
}

@Article{Sterling2010ApJ7221644S,
  Title                    = {{Fibrillar Chromospheric Spicule-like Counterparts to an Extreme-ultraviolet and Soft X-ray Blowout Coronal Jet}},
  Author                   = {{Sterling}, Alphonse C. and {Harra}, Louise K. and {Moore}, Ronald L.},
  Journal                  = {\apj},
  Year                     = {2010},

  Month                    = oct,
  Number                   = {2},
  Pages                    = {1644-1653},
  Volume                   = {722},

  Adsnote                  = {Provided by the SAO/NASA Astrophysics Data System},
  Adsurl                   = {https://ui.adsabs.harvard.edu/abs/2010ApJ...722.1644S},
  Doi                      = {10.1088/0004-637X/722/2/1644},
  Keywords                 = {Sun: atmosphere, Sun: chromosphere, Sun: photosphere, Sun: UV radiation, Sun: X-rays, gamma rays}
}


@Article{Nishizuka2008ApJ683L83N,
  Title                    = {{Giant Chromospheric Anemone Jet Observed with Hinode and Comparison with Magnetohydrodynamic Simulations: Evidence of Propagating Alfv{\'e}n Waves and Magnetic Reconnection}},
  Author                   = {{Nishizuka}, N. and {Shimizu}, M. and {Nakamura}, T. and {Otsuji}, K. and
 {Okamoto}, T.~J. and {Katsukawa}, Y. and {Shibata}, K.},
  Journal                  = {\apjl},
  Year                     = {2008},

  Month                    = aug,
  Number                   = {1},
  Pages                    = {L83},
  Volume                   = {683},

  Adsnote                  = {Provided by the SAO/NASA Astrophysics Data System},
  Adsurl                   = {https://ui.adsabs.harvard.edu/abs/2008ApJ...683L..83N},
  Archiveprefix            = {arXiv},
  Doi                      = {10.1086/591445},
  Eprint                   = {0810.3384},
  Keywords                 = {MHD, Sun: activity, Sun: chromosphere, Sun: flares, Sun: magnetic fields, Astrophysics},
  Primaryclass             = {astro-ph}
}

@Article{Isobe2008ApJ679L57I,
  Title                    = {{Convection-driven Emergence of Small-Scale Magnetic Fields and their Role in Coronal Heating and Solar Wind Acceleration}},
  Author                   = {{Isobe}, H. and {Proctor}, M.~R.~E. and {Weiss}, N.~O.},
  Journal                  = {\apjl},
  Year                     = {2008},

  Month                    = may,
  Number                   = {1},
  Pages                    = {L57},
  Volume                   = {679},

  Adsnote                  = {Provided by the SAO/NASA Astrophysics Data System},
  Adsurl                   = {https://ui.adsabs.harvard.edu/abs/2008ApJ...679L..57I},
  Doi                      = {10.1086/589150},
  Keywords                 = {MHD, Sun: chromosphere, Sun: corona, Sun: photosphere}
}

@Article{Archontis2005ApJ6351299A,
  Title                    = {{The Three-dimensional Interaction between Emerging Magnetic Flux and a Large-Scale Coronal Field: Reconnection, Current Sheets, and Jets}},
  Author                   = {{Archontis}, V. and {Moreno-Insertis}, F. and {Galsgaard}, K. and
 {Hood}, A.~W.},
  Journal                  = {\apj},
  Year                     = {2005},

  Month                    = dec,
  Number                   = {2},
  Pages                    = {1299-1318},
  Volume                   = {635},

  Adsnote                  = {Provided by the SAO/NASA Astrophysics Data System},
  Adsurl                   = {https://ui.adsabs.harvard.edu/abs/2005ApJ...635.1299A},
  Doi                      = {10.1086/497533},
  Keywords                 = {Methods: Numerical, Sun: Activity, Sun: Corona, Sun: Magnetic Fields}
}

@Article{Yokoyama1996PASJ48353Y,
  Title                    = {{Numerical Simulation of Solar Coronal X-Ray Jets Based on the Magnetic Reconnection Model}},
  Author                   = {{Yokoyama}, Takaaki and {Shibata}, Kazunari},
  Journal                  = {\pasj},
  Year                     = {1996},

  Month                    = apr,
  Pages                    = {353-376},
  Volume                   = {48},

  Adsnote                  = {Provided by the SAO/NASA Astrophysics Data System},
  Adsurl                   = {https://ui.adsabs.harvard.edu/abs/1996PASJ...48..353Y},
  Doi                      = {10.1093/pasj/48.2.353},
  Keywords                 = {MAGNETOHYDRODYNAMICS, NUMERICAL METHODS, SUN: CORONA, SUN: FLARES, SUN: X-RAYS}
}

@Article{Yokoyama1995Natur37542Y,
  Title                    = {{Magnetic reconnection as the origin of X-ray jets and H{\ensuremath{\alpha}} surges on the Sun}},
  Author                   = {{Yokoyama}, Takaaki and {Shibata}, Kazunari},
  Journal                  = {\nat},
  Year                     = {1995},

  Month                    = may,
  Number                   = {6526},
  Pages                    = {42-44},
  Volume                   = {375},

  Adsnote                  = {Provided by the SAO/NASA Astrophysics Data System},
  Adsurl                   = {https://ui.adsabs.harvard.edu/abs/1995Natur.375...42Y},
  Doi                      = {10.1038/375042a0}
}

@Article{Matsumoto2010ApJ7101857M,
  Title                    = {{Nonlinear Propagation of Alfv{\'e}n Waves Driven by Observed Photospheric Motions: Application to the Coronal Heating and Spicule Formation}},
  Author                   = {{Matsumoto}, Takuma and {Shibata}, Kazunari},
  Journal                  = {\apj},
  Year                     = {2010},

  Month                    = feb,
  Number                   = {2},
  Pages                    = {1857-1867},
  Volume                   = {710},

  Adsnote                  = {Provided by the SAO/NASA Astrophysics Data System},
  Adsurl                   = {https://ui.adsabs.harvard.edu/abs/2010ApJ...710.1857M},
  Archiveprefix            = {arXiv},
  Doi                      = {10.1088/0004-637X/710/2/1857},
  Eprint                   = {1001.4307},
  Keywords                 = {solar wind, Sun: corona, Sun: granulation, Sun: oscillations, Sun: photosphere, Sun: transition region, Astrophysics - Solar and Stellar Astrophysics},
  Primaryclass             = {astro-ph.SR}
}

@Article{Kudoh1999ApJ514493K,
  Title                    = {{Alfv{\'e}n Wave Model of Spicules and Coronal Heating}},
  Author                   = {{Kudoh}, Takahiro and {Shibata}, Kazunari},
  Journal                  = {\apj},
  Year                     = {1999},

  Month                    = mar,
  Number                   = {1},
  Pages                    = {493-505},
  Volume                   = {514},

  Adsnote                  = {Provided by the SAO/NASA Astrophysics Data System},
  Adsurl                   = {https://ui.adsabs.harvard.edu/abs/1999ApJ...514..493K},
  Doi                      = {10.1086/306930},
  Keywords                 = {MAGNETOHYDRODYNAMICS: MHD, SUN: CORONA, WAVES, Magnetohydrodynamics: MHD, Sun: Corona, Waves}
}

@Article{Hollweg1982SoPh7535H,
  Title                    = {{Alfven Waves in the Solar Atmospheres - Part Three - Nonlinear Waves on Open Flux Tubes}},
  Author                   = {{Hollweg}, J.~V. and {Jackson}, S. and {Galloway}, D.},
  Journal                  = {\solphys},
  Year                     = {1982},

  Month                    = jan,
  Number                   = {1-2},
  Pages                    = {35-61},
  Volume                   = {75},

  Adsnote                  = {Provided by the SAO/NASA Astrophysics Data System},
  Adsurl                   = {https://ui.adsabs.harvard.edu/abs/1982SoPh...75...35H},
  Doi                      = {10.1007/BF00153458},
  Keywords                 = {Magnetic Flux, Magnetohydrodynamic Waves, Plasma Dynamics, Solar Atmosphere, Wave Propagation, Chromosphere, Nonlinear Systems, Shock Wave Propagation, Solar Corona, Spicules, Solar Physics}
}

@Article{kuzma2017ApJ84978K,
  Title                    = {{Two-fluid Numerical Simulations of Solar Spicules}},
  Author                   = {{Ku{\'z}ma}, B{\l}a{\.z}ej and {Murawski}, Kris and {Kayshap}, Pradeep and
 {W{\'o}jcik}, Darek and {Srivastava}, Abhishek Kumar and
 {Dwivedi}, Bhola N.},
  Journal                  = {\apj},
  Year                     = {2017},

  Month                    = nov,
  Number                   = {2},
  Pages                    = {78},
  Volume                   = {849},

  Adsnote                  = {Provided by the SAO/NASA Astrophysics Data System},
  Adsurl                   = {https://ui.adsabs.harvard.edu/abs/2017ApJ...849...78K},
  Archiveprefix            = {arXiv},
  Doi                      = {10.3847/1538-4357/aa8ea1},
  Eid                      = {78},
  Eprint                   = {1711.01383},
  Keywords                 = {magnetohydrodynamics: MHD, methods: numerical, Sun: activity, Sun: corona, Sun: transition region, Astrophysics - Solar and Stellar Astrophysics},
  Primaryclass             = {astro-ph.SR}
}


@Article{Sterling1990ApJ349647S,
  Title                    = {{Numerical Simulations of the Rebound Shock Model for Solar Spicules}},
  Author                   = {{Sterling}, Alphonse C. and {Mariska}, John T.},
  Journal                  = {\apj},
  Year                     = {1990},

  Month                    = feb,
  Pages                    = {647},
  Volume                   = {349},

  Adsnote                  = {Provided by the SAO/NASA Astrophysics Data System},
  Adsurl                   = {https://ui.adsabs.harvard.edu/abs/1990ApJ...349..647S},
  Doi                      = {10.1086/168352},
  Keywords                 = {Magnetic Flux, Shock Wave Propagation, Solar Corona, Solar Granulation, Astronomical Models, Chromosphere, Temperature Distribution, Solar Physics, SHOCK WAVES, SUN: CHROMOSPHERE, SUN: GRANULATION}
}

@ARTICLE{Shibata1992PASJ,
       author = {{Shibata}, Kazunari and {Ishido}, Yoshinori and {Acton}, Loren W. and
         {Strong}, Keith T. and {Hirayama}, Tadashi and {Uchida}, Yutaka and
         {McAllister}, Alan H. and {Matsumoto}, Ryoji and {Tsuneta}, Saku and
         {Shimizu}, Toshifumi and {Hara}, Hirohisa and {Sakurai}, Takashi and
         {Ichimoto}, Kiyoshi and {Nishino}, Yohei and {Ogawara}, Yoshiaki},
        title = "{Observations of X-Ray Jets with the YOHKOH Soft X-Ray Telescope}",
      journal = {\pasj},
     keywords = {Plasma Jets, Solar Corona, Solar X-Rays, Spaceborne Astronomy, X Ray Telescopes, Japanese Spacecraft, Solar Magnetic Field, Solar Physics, SUN: CORONA, SUN: X-RAYS, SUN: MAGNETIC FIELDS, CORONAL JETS},
         year = 1992,
        month = oct,
       volume = {44},
        pages = {L173-L179},
       adsurl = {https://ui.adsabs.harvard.edu/abs/1992PASJ...44L.173S},
      adsnote = {Provided by the SAO/NASA Astrophysics Data System}
}
%------------------
@ARTICLE{Woltjer1954BAN,
       author = {{Woltjer}, L.},
        title = "{A photometric investigation of the spicules and the structure of the chromosphere}",
      journal = {\bain},
         year = 1954,
        month = sep,
       volume = {12},
        pages = {165},
       adsurl = {https://ui.adsabs.harvard.edu/abs/1954BAN....12..165W},
      adsnote = {Provided by the SAO/NASA Astrophysics Data System}
}
%-----------
@ARTICLE{Li2009RAA,
       author = {{Li}, Ying and {Ding}, Ming-De},
        title = "{Measurements of spectral lines observed with Hinode/EIS as implications for coronal heating}",
      journal = {Research in Astronomy and Astrophysics},
         year = 2009,
        month = jul,
       volume = {9},
       number = {7},
        pages = {829-840},
          doi = {10.1088/1674-4527/9/7/011},
       adsurl = {https://ui.adsabs.harvard.edu/abs/2009RAA.....9..829L},
      adsnote = {Provided by the SAO/NASA Astrophysics Data System}
}
%----------
@ARTICLE{Rush1954AuJPh,
       author = {{Rush}, J.~H. and {Roberts}, W.~O.},
        title = "{Recent Studies of Chromospheric Spicules}",
      journal = {Australian Journal of Physics},
         year = 1954,
        month = jun,
       volume = {7},
        pages = {230},
          doi = {10.1071/PH540230},
       adsurl = {https://ui.adsabs.harvard.edu/abs/1954AuJPh...7..230R},
      adsnote = {Provided by the SAO/NASA Astrophysics Data System}
}
%-------------------------
@BOOK{Thomas1961,
author = {Thomas, Richard N and Athay, R Grant},
title = {{Physics of the Solar Chromosphere}},
year = {1961},
volume = {29},
doi={10.1119/1.1937605},
url = {https://doi.org/10.1119/1.1937605},
}
%-----------------------
@ARTICLE{Pereira2014ApJ,
       author = {{Pereira}, T.~M.~D. and {De Pontieu}, B. and {Carlsson}, M. and
         {Hansteen}, V. and {Tarbell}, T.~D. and {Lemen}, J. and {Title}, A. and
         {Boerner}, P. and {Hurlburt}, N. and {W{\"u}lser}, J.~P. and
         {Mart{\'\i}nez-Sykora}, J. and {Kleint}, L. and {Golub}, L. and
         {McKillop}, S. and {Reeves}, K.~K. and {Saar}, S. and {Testa}, P. and
         {Tian}, H. and {Jaeggli}, S. and {Kankelborg}, C.},
        title = "{An Interface Region Imaging Spectrograph First View on Solar Spicules}",
      journal = {\apjl},
     keywords = {Sun: atmosphere, Sun: chromosphere, Sun: transition region, Astrophysics - Solar and Stellar Astrophysics},
         year = 2014,
        month = sep,
       volume = {792},
       number = {1},
          eid = {L15},
        pages = {L15},
          doi = {10.1088/2041-8205/792/1/L15},
archivePrefix = {arXiv},
       eprint = {1407.6360},
 primaryClass = {astro-ph.SR},
       adsurl = {https://ui.adsabs.harvard.edu/abs/2014ApJ...792L..15P},
      adsnote = {Provided by the SAO/NASA Astrophysics Data System}
}
%-------------------------
@ARTICLE{Zhang2012ApJ,
       author = {{Zhang}, Y.~Z. and {Shibata}, K. and {Wang}, J.~X. and {Mao}, X.~J. and
         {Matsumoto}, T. and {Liu}, Y. and {Su}, J.~T.},
        title = "{Revision of Solar Spicule Classification}",
      journal = {\apj},
     keywords = {Sun: chromosphere, Sun: corona, Sun: transition region, Astrophysics - Solar and Stellar Astrophysics},
         year = 2012,
        month = may,
       volume = {750},
       number = {1},
          eid = {16},
        pages = {16},
          doi = {10.1088/0004-637X/750/1/16},
archivePrefix = {arXiv},
       eprint = {1202.4518},
 primaryClass = {astro-ph.SR},
       adsurl = {https://ui.adsabs.harvard.edu/abs/2012ApJ...750...16Z},
      adsnote = {Provided by the SAO/NASA Astrophysics Data System}
}
%-------------------------
@ARTICLE{Sekse2012ApJ,
       author = {{Sekse}, D.~H. and {Rouppe van der Voort}, L. and {De Pontieu}, B.},
        title = "{Statistical Properties of the Disk Counterparts of Type II Spicules from Simultaneous Observations of Rapid Blueshifted Excursions in Ca II 8542 and H{\ensuremath{\alpha}}}",
      journal = {\apj},
     keywords = {Sun: atmosphere, Sun: chromosphere, Sun: corona, Astrophysics - Solar and Stellar Astrophysics},
         year = 2012,
        month = jun,
       volume = {752},
       number = {2},
          eid = {108},
        pages = {108},
          doi = {10.1088/0004-637X/752/2/108},
archivePrefix = {arXiv},
       eprint = {1204.2943},
 primaryClass = {astro-ph.SR},
       adsurl = {https://ui.adsabs.harvard.edu/abs/2012ApJ...752..108S},
      adsnote = {Provided by the SAO/NASA Astrophysics Data System}
}
%-------------------------
@ARTICLE{Rouppe2009ApJ,
       author = {{Rouppe van der Voort}, L. and {Leenaarts}, J. and {De Pontieu}, B. and
         {Carlsson}, M. and {Vissers}, G.},
        title = "{On-disk Counterparts of Type II Spicules in the Ca II 854.2 nm and H{\ensuremath{\alpha}} Lines}",
      journal = {\apj},
     keywords = {Sun: atmosphere, Sun: atmospheric motions, Sun: chromosphere, Sun: magnetic fields, Astrophysics - Solar and Stellar Astrophysics},
         year = 2009,
        month = nov,
       volume = {705},
       number = {1},
        pages = {272-284},
          doi = {10.1088/0004-637X/705/1/272},
archivePrefix = {arXiv},
       eprint = {0909.2115},
 primaryClass = {astro-ph.SR},
       adsurl = {https://ui.adsabs.harvard.edu/abs/2009ApJ...705..272R},
      adsnote = {Provided by the SAO/NASA Astrophysics Data System}
}
%-----------
@ARTICLE{Pontieu2011Sci,
       author = {{De Pontieu}, B. and {McIntosh}, S.~W. and {Carlsson}, M. and
         {Hansteen}, V.~H. and {Tarbell}, T.~D. and {Boerner}, P. and
         {Martinez-Sykora}, J. and {Schrijver}, C.~J. and {Title}, A.~M.},
        title = "{The Origins of Hot Plasma in the Solar Corona}",
      journal = {Science},
     keywords = {ASTRONOMY},
         year = 2011,
        month = jan,
       volume = {331},
       number = {6013},
        pages = {55},
          doi = {10.1126/science.1197738},
       adsurl = {https://ui.adsabs.harvard.edu/abs/2011Sci...331...55D},
      adsnote = {Provided by the SAO/NASA Astrophysics Data System}
}
%-------------------------
@INBOOK{Pontieu2007ASPC,
       author = {{De Pontieu}, B.},
        title = "{Chromospheric Dynamics: Spicules and Waves}",
    booktitle = {New Solar Physics with Solar-B Mission},
         year = 2007,
       editor = {{Shibata}, K. and {Nagata}, S. and {Sakurai}, T.},
       volume = {369},
       series = {Astronomical Society of the Pacific Conference Series},
        pages = {231},
       adsurl = {https://ui.adsabs.harvard.edu/abs/2007ASPC..369..231D},
      adsnote = {Provided by the SAO/NASA Astrophysics Data System}
}
%%--------------------
@ARTICLE{DePontieu2009,
       author = {{De Pontieu}, Bart and {McIntosh}, Scott W. and {Hansteen}, Viggo H. and
         {Schrijver}, Carolus J.},
        title = "{Observing the Roots of Solar Coronal Heating{\textemdash}in the Chromosphere}",
      journal = {\apjl},
     keywords = {Sun: atmospheric motions, Sun: chromosphere, Sun: corona, Sun: magnetic fields, Sun: transition region, Astrophysics - Solar and Stellar Astrophysics},
         year = 2009,
        month = aug,
       volume = {701},
       number = {1},
        pages = {L1-L6},
          doi = {10.1088/0004-637X/701/1/L1},
archivePrefix = {arXiv},
       eprint = {0906.5434},
 primaryClass = {astro-ph.SR},
       adsurl = {https://ui.adsabs.harvard.edu/abs/2009ApJ...701L...1D},
      adsnote = {Provided by the SAO/NASA Astrophysics Data System}
}
%-----------------------
@ARTICLE{Pontieu2007astroph2081D,
       author = {{De Pontieu}, Bart and {Hansteen}, Viggo H. and
         {Rouppe van der Voort}, Luc and {van Noort}, Michiel and
         {Carlsson}, Mats},
        title = "{Observations and Simulations of Fibrils and Mottles}",
      journal = {ArXiv e-prints},
     keywords = {Astrophysics},
         year = 2007,
        month = feb,
          eid = {astro-ph/0702081},
        pages = {astro-ph/0702081},
archivePrefix = {arXiv},
       eprint = {astro-ph/0702081},
 primaryClass = {astro-ph},
       adsurl = {https://ui.adsabs.harvard.edu/abs/2007astro.ph..2081D},
      adsnote = {Provided by the SAO/NASA Astrophysics Data System}
}
%---------------------
@ARTICLE{Langangen2008ApJ,
       author = {{Langangen}, {\O}. and {De Pontieu}, B. and {Carlsson}, M. and
         {Hansteen}, V.~H. and {Cauzzi}, G. and {Reardon}, K.},
        title = "{Search for High Velocities in the Disk Counterpart of Type II Spicules}",
      journal = {\apjl},
     keywords = {Sun: atmospheric motions, Sun: chromosphere, Astrophysics},
         year = 2008,
        month = jun,
       volume = {679},
       number = {2},
        pages = {L167},
          doi = {10.1086/589442},
archivePrefix = {arXiv},
       eprint = {0804.3256},
 primaryClass = {astro-ph},
       adsurl = {https://ui.adsabs.harvard.edu/abs/2008ApJ...679L.167L},
      adsnote = {Provided by the SAO/NASA Astrophysics Data System}
}
%-----------
@ARTICLE{guez2011A&A,
       author = {{de la Cruz Rodr{\'\i}guez}, J. and {Socas-Navarro}, H.},
        title = "{Are solar chromospheric fibrils tracing the magnetic field?}",
      journal = {\aap},
     keywords = {Sun: activity, polarization, Sun: chromosphere, Sun: filaments, prominences, Sun: magnetic topology, sunspots, Astrophysics - Solar and Stellar Astrophysics},
         year = 2011,
        month = mar,
       volume = {527},
          eid = {L8},
        pages = {L8},
          doi = {10.1051/0004-6361/201016018},
archivePrefix = {arXiv},
       eprint = {1101.3551},
 primaryClass = {astro-ph.SR},
       adsurl = {https://ui.adsabs.harvard.edu/abs/2011A&A...527L...8D},
      adsnote = {Provided by the SAO/NASA Astrophysics Data System}
}
%---------------------
@ARTICLE{Suematsu1995ApJ,
       author = {{Suematsu}, Yoshinori and {Wang}, Haimin and {Zirin}, Harold},
        title = "{High-Resolution Observation of Disk Spicules. I. Evolution and Kinematics of Spicules in the Enhanced Network}",
      journal = {\apj},
     keywords = {SUN: CHROMOSPHERE, SUN: GRANULATION, VIDEOTAPES},
         year = 1995,
        month = sep,
       volume = {450},
        pages = {411},
          doi = {10.1086/176151},
       adsurl = {https://ui.adsabs.harvard.edu/abs/1995ApJ...450..411S},
      adsnote = {Provided by the SAO/NASA Astrophysics Data System}
}
%-------------------
@ARTICLE{Tsiropoula1994A&A,
       author = {{Tsiropoula}, G. and {Alissandrakis}, C.~E. and {Schmieder}, B.},
        title = "{Time evolution of fine structures in the solar chromosphere.}",
      journal = {\aap},
     keywords = {LINES: PROFILE, SUN: CHROMOSPHERE},
         year = 1994,
        month = oct,
       volume = {290},
        pages = {285-294},
       adsurl = {https://ui.adsabs.harvard.edu/abs/1994A&A...290..285T},
      adsnote = {Provided by the SAO/NASA Astrophysics Data System}
}
%-------------
@ARTICLE{Dere1989SoPh,
       author = {{Dere}, K.~P. and {Bartoe}, J. -D.~F. and {Brueckner}, G.~E. and
         {Cook}, J.~W. and {Socker}, D.~G. and {Ewing}, J.~W.},
        title = "{Ultraviolet Observations of Macrospicules at the Solar Limb}",
      journal = {\solphys},
     keywords = {Solar Limb, Spicules, Ultraviolet Spectra, Coronal Holes, Extreme Ultraviolet Radiation, Spectroheliographs, Solar Physics},
         year = 1989,
        month = mar,
       volume = {119},
       number = {1},
        pages = {55-63},
          doi = {10.1007/BF00146212},
       adsurl = {https://ui.adsabs.harvard.edu/abs/1989SoPh..119...55D},
      adsnote = {Provided by the SAO/NASA Astrophysics Data System}
}
%------------------------------
@ARTICLE{Iijima2017ApJ,
       author = {{Iijima}, H. and {Yokoyama}, T.},
        title = "{A Three-dimensional Magnetohydrodynamic Simulation of the Formation of Solar Chromospheric Jets with Twisted Magnetic Field Lines}",
      journal = {\apj},
     keywords = {magnetic fields, magnetohydrodynamics: MHD, Sun: atmosphere, Sun: chromosphere, Sun: transition region, Astrophysics - Solar and Stellar Astrophysics},
         year = 2017,
        month = oct,
       volume = {848},
       number = {1},
          eid = {38},
        pages = {38},
          doi = {10.3847/1538-4357/aa8ad1},
archivePrefix = {arXiv},
       eprint = {1709.01522},
 primaryClass = {astro-ph.SR},
       adsurl = {https://ui.adsabs.harvard.edu/abs/2017ApJ...848...38I},
      adsnote = {Provided by the SAO/NASA Astrophysics Data System}
}
%-----------------
@BOOK{Aschwanden2019ASSL,
       author = {{Aschwanden}, Markus J.},
        title = "{New Millennium Solar Physics}",
         year = 2019,
       volume = {458},
          doi = {10.1007/978-3-030-13956-8},
       adsurl = {https://ui.adsabs.harvard.edu/abs/2019ASSL..458.....A},
      adsnote = {Provided by the SAO/NASA Astrophysics Data System}
}

%-----------------------
@ARTICLE{Karovska1994ApJ,
       author = {{Karovska}, Margarita and {Habbal}, Shadia Rifai},
        title = "{Dynamical Structure of Extreme Ultraviolet Macrospicules}",
      journal = {\apjl},
     keywords = {Coronal Holes, Image Enhancement, Image Resolution, Solar Corona, Solar Limb, Spatial Resolution, Spicules, Sun, Temporal Resolution, Ultraviolet Astronomy, Extreme Ultraviolet Radiation, Skylab Program, Solar Magnetic Field, Solar Spectra, Solar Wind, Spectroheliographs, Solar Physics, SUN: CORONA, SUN: UV RADIATION},
         year = 1994,
        month = aug,
       volume = {431},
        pages = {L59},
          doi = {10.1086/187472},
       adsurl = {https://ui.adsabs.harvard.edu/abs/1994ApJ...431L..59K},
      adsnote = {Provided by the SAO/NASA Astrophysics Data System}
}
%--------------------
@ARTICLE{Bale2019Natur,
       author = {{Bale}, S.~D. and {Badman}, S.~T. and {Bonnell}, J.~W. and
         {Bowen}, T.~A. and {Burgess}, D. and {Case}, A.~W. and
         {Cattell}, C.~A. and {Chandran}, B.~D.~G. and {Chaston}, C.~C. and
         {Chen}, C.~H.~K. and {Drake}, J.~F. and {de Wit}, T. Dudok and
         {Eastwood}, J.~P. and {Ergun}, R.~E. and {Farrell}, W.~M. and
         {Fong}, C. and {Goetz}, K. and {Goldstein}, M. and {Goodrich}, K.~A. and
         {Harvey}, P.~R. and {Horbury}, T.~S. and {Howes}, G.~G. and
         {Kasper}, J.~C. and {Kellogg}, P.~J. and {Klimchuk}, J.~A. and
         {Korreck}, K.~E. and {Krasnoselskikh}, V.~V. and {Krucker}, S. and
         {Laker}, R. and {Larson}, D.~E. and {MacDowall}, R.~J. and
         {Maksimovic}, M. and {Malaspina}, D.~M. and {Martinez-Oliveros}, J. and
         {McComas}, D.~J. and {Meyer-Vernet}, N. and {Moncuquet}, M. and
         {Mozer}, F.~S. and {Phan}, T.~D. and {Pulupa}, M. and {Raouafi}, N.~E. and
         {Salem}, C. and {Stansby}, D. and {Stevens}, M. and {Szabo}, A. and
         {Velli}, M. and {Woolley}, T. and {Wygant}, J.~R.},
        title = "{Highly structured slow solar wind emerging from an equatorial coronal hole}",
      journal = {\nat},
         year = 2019,
        month = dec,
       volume = {576},
       number = {7786},
        pages = {237-242},
          doi = {10.1038/s41586-019-1818-7},
       adsurl = {https://ui.adsabs.harvard.edu/abs/2019Natur.576..237B},
      adsnote = {Provided by the SAO/NASA Astrophysics Data System}
}
%------------------
@ARTICLE{Samanta2019Sci,
       author = {{Samanta}, Tanmoy and {Tian}, Hui and {Yurchyshyn}, Vasyl and
         {Peter}, Hardi and {Cao}, Wenda and {Sterling}, Alphonse and
         {Erd{\'e}lyi}, Robertus and {Ahn}, Kwangsu and {Feng}, Song and
         {Utz}, Dominik and {Banerjee}, Dipankar and {Chen}, Yajie},
        title = "{Generation of solar spicules and subsequent atmospheric heating}",
      journal = {Science},
     keywords = {ASTRONOMY; PHYSICS},
         year = 2019,
        month = nov,
       volume = {366},
       number = {6467},
        pages = {890-894},
          doi = {10.1126/science.aaw2796},
       adsurl = {https://ui.adsabs.harvard.edu/abs/2019Sci...366..890S},
      adsnote = {Provided by the SAO/NASA Astrophysics Data System}
}
@ARTICLE{Zuo2019AcASn,
       author = {{Zuo}, Z.~H. and {Li}, Y. and {Sha}, J.~H. and {Zhou}, T.~H.},
        title = "{A Solar Jet Triggered by a Decaying Satellite Sunspot}",
      journal = {Acta Astronomica Sinica},
     keywords = {solar: jet, solar: magnetic reconnection, solar: corona},
         year = 2019,
        month = nov,
       volume = {60},
       number = {6},
          eid = {56},
        pages = {56},
       adsurl = {https://ui.adsabs.harvard.edu/abs/2019AcASn..60...56Z},
      adsnote = {Provided by the SAO/NASA Astrophysics Data System}
}
@ARTICLE{Pontieu2017ApJ,
       author = {{De Pontieu}, B. and {De Moortel}, I. and {Martinez-Sykora}, J. and
         {McIntosh}, S.~W.},
        title = "{Observations and Numerical Models of Solar Coronal Heating Associated with Spicules}",
      journal = {\apjl},
     keywords = {Sun: chromosphere, Sun: corona, Sun: magnetic fields, Sun: transition region, Astrophysics - Solar and Stellar Astrophysics},
         year = 2017,
        month = aug,
       volume = {845},
       number = {2},
          eid = {L18},
        pages = {L18},
          doi = {10.3847/2041-8213/aa7fb4},
archivePrefix = {arXiv},
       eprint = {1710.06790},
 primaryClass = {astro-ph.SR},
       adsurl = {https://ui.adsabs.harvard.edu/abs/2017ApJ...845L..18D},
      adsnote = {Provided by the SAO/NASA Astrophysics Data System}
}
@article{Shimojo_2000,
abstract = {We derived the physical parameters of X-ray jets and associated flares using the high-resolution data taken with the soft X-ray telescope aboard Yohkoh. We analyzed 16 X-ray jets and found the following properties of the jets and the footpoint flares: (1) the temperatures and density of the jets, respectively, are 3-8 MK (average: 5.6 MK) and 0.7-4.0 × 109 cm-3 (average: 1.7 × 109 cm-3), (2) the temperatures of the jets are similar to those of the footpoint flares, (3) the thermal energies of the jets are 1027-1029 ergs, which is to of those of the footpoint flares, (4) the apparent velocity of the jets is usually slower than the sound speed, and (5) there is a correlation between the temperatures of the jets and the sizes (square root of area) of the footpoint flares. On the basis of these results, we find that the temperatures of a jet and a footpoint flare are determined by the balance between heating flux and conductive flux and that the mass of a jet is comparable to the theoretical value based on the balance between conductive flux and enthalpy flux carried by the evaporation flow. These results suggest that X-ray jets are evaporation flows produced by the reconnection heating.},
author = {Shimojo, Masumi and Shibata, Kazunari},
doi = {10.1086/317024},
journal = {The Astrophysical Journal},
month = {oct},
number = {2},
pages = {1100--1108},
publisher = {{\{}IOP{\}} Publishing},
title = {{Physical Parameters of Solar X-Ray Jets}},
url = {https://doi.org/10.1086{\%}2F317024},
volume = {542},
year = {2000}
}
@ARTICLE{Strong1992PASJ,
       author = {{Strong}, Keith T. and {Harvey}, Karen and {Hirayama}, Tadashi and
         {Nitta}, Nariaki and {Shimizu}, Toshifumi and {Tsuneta}, Saku},
        title = "{Observations of the Variability of Coronal Bright Points by the Soft X-Ray Telescope on YOHKOH}",
      journal = {\pasj},
     keywords = {Brightness Distribution, Solar Corona, Solar Flares, Spaceborne Astronomy, X Ray Telescopes, Japanese Spacecraft, Solar X-Rays, Solar Physics, SUN: CORONA, SUN: FLARES, SUN: X-RAYS, X-RAY BRIGHT POINTS},
         year = 1992,
        month = oct,
       volume = {44},
        pages = {L161-L166},
       adsurl = {https://ui.adsabs.harvard.edu/abs/1992PASJ...44L.161S},
      adsnote = {Provided by the SAO/NASA Astrophysics Data System}
}
%---------------
@ARTICLE{Bruck1979IrAJ,
   author = {{Bruck}, H.~A.},
    title = "{Obituary - Secchi, P.ANGELO-S.J. 1818-1878}",
  journal = {Irish Astronomical Journal},
     year = 1979,
    month = mar,
   volume = 14,
    pages = {9},
   adsurl = {http://adsabs.harvard.edu/abs/1979IrAJ...14....9B},
  adsnote = {Provided by the SAO/NASA Astrophysics Data System}
}
@ARTICLE{Demastus1973,
       author = {{Demastus}, H.~L. and {Wagner}, W.~J. and {Robinson}, R.~D.},
        title = "{Coronal Disturbances. I: Fast Transient Events Observed in the Green Coronal Emission Line During the Last Solar Cycle}",
      journal = {\solphys},
         year = 1973,
        month = aug,
       volume = {31},
       number = {2},
        pages = {449-459},
          doi = {10.1007/BF00152820},
       adsurl = {https://ui.adsabs.harvard.edu/abs/1973SoPh...31..449D},
      adsnote = {Provided by the SAO/NASA Astrophysics Data System}
}
%-------------------------
@ARTICLE{Withbroe1976ApJ,
       author = {{Withbroe}, G.~L. and {Jaffe}, D.~T. and {Foukal}, P.~V. and
         {Huber}, M.~C.~E. and {Noyes}, R.~W. and {Reeves}, E.~M. and
         {Schmahl}, E.~J. and {Timothy}, J.~G. and {Vernazza}, J.~E.},
        title = "{Extreme-ultraviolet transients observed at the solar pole.}",
      journal = {\apj},
     keywords = {Chromosphere, Far Ultraviolet Radiation, Polar Regions, Spectroheliographs, Spicules, Continuous Spectra, Lyman Alpha Radiation, Skylab Program, Solar Corona, Solar Flux, Solar Limb, Surges, Solar Physics},
         year = 1976,
        month = jan,
       volume = {203},
        pages = {528-532},
          doi = {10.1086/154108},
       adsurl = {https://ui.adsabs.harvard.edu/abs/1976ApJ...203..528W},
      adsnote = {Provided by the SAO/NASA Astrophysics Data System}
}
@ARTICLE{Brueckner1980HiA,
       author = {{Brueckner}, G.~E.},
        title = "{A high-resolution view of the solar chromosphere and corona.}",
      journal = {Highlights of Astronomy},
     keywords = {Chromosphere, Solar Atmosphere, Solar Corona, Solar Spectra, Coronal Holes, Faculae, Frequency Shift, Resistance Heating, Solar Limb, Solar Wind, Spatial Resolution, Spectroheliographs, Thermonuclear Explosions, Ultraviolet Radiation, Solar Physics, Solar Atmosphere:Heating, Solar Coronal Holes:Spectroheliograms, Solar Transition Region:Fine Structure},
         year = 1980,
        month = jan,
       volume = {5},
        pages = {557-569},
       adsurl = {https://ui.adsabs.harvard.edu/abs/1980HiA.....5..557B},
      adsnote = {Provided by the SAO/NASA Astrophysics Data System}
}
@article{Raouafi2016,
abstract = {Coronal jets represent important manifestations of ubiquitous solar transients, which may be the source of significant mass and energy input to the upper solar atmosphere and the solar wind. While the energy involved in a jet-like event is smaller than that of "nominal" solar flares and coronal mass ejections (CMEs), jets share many common properties with these phenomena, in particular, the explosive magnetically driven dynamics. Studies of jets could, therefore, provide critical insight for understanding the larger, more complex drivers of the solar activity. On the other side of the size-spectrum, the study of jets could also supply important clues on the physics of transients close or at the limit of the current spatial resolution such as spicules. Furthermore, jet phenomena may hint to basic process for heating the corona and accelerating the solar wind; consequently their study gives us the opportunity to attack a broad range of solar-heliospheric problems.},
archivePrefix = {arXiv},
arxivId = {1607.02108},
author = {Raouafi, N. E. and Patsourakos, S. and Pariat, E. and Young, P. R. and Sterling, A. C. and Savcheva, A. and Shimojo, M. and Moreno-Insertis, F. and DeVore, C. R. and Archontis, V. and T{\"{o}}r{\"{o}}k, T. and Mason, H. and Curdt, W. and Meyer, K. and Dalmasse, K. and Matsui, Y.},
doi = {10.1007/s11214-016-0260-5},
eprint = {1607.02108},
file = {:home/fionnlagh/.local/share/data/Mendeley Ltd./Mendeley Desktop/Downloaded/Raouafi et al. - 2016 - Solar Coronal Jets Observations, Theory, and Modeling.pdf:pdf},
issn = {15729672},
keywords = {activity,corona,magnetic fields,plasmas,sun,uv radiation,x-rays},
title = {{Solar Coronal Jets: Observations, Theory, and Modeling}},
url = {http://arxiv.org/abs/1607.02108{\%}0Ahttp://dx.doi.org/10.1007/s11214-016-0260-5},
year = {2016}
}
@ARTICLE{Yuan2013A&A,
   author = {{Yuan}, D. and {Shen}, Y. and {Liu}, Y. and {Nakariakov}, V.~M. and 
	{Tan}, B. and {Huang}, J.},
    title = "{Distinct propagating fast wave trains associated with flaring energy releases}",
  journal = {\aap},
 keywords = {Sun: atmosphere, Sun: corona, Sun: UV radiation, Sun: oscillations, Sun: flares, Sun: radio radiation},
     year = 2013,
    month = jun,
   volume = 554,
      eid = {A144},
    pages = {A144},
      doi = {10.1051/0004-6361/201321435},
   adsurl = {http://adsabs.harvard.edu/abs/2013A%26A...554A.144Y},
  adsnote = {Provided by the SAO/NASA Astrophysics Data System}
}
@ARTICLE{Yuan_2016ApJS,
       author = {{Yuan}, Ding and {Su}, Jiangtao and {Jiao}, Fangran and {Walsh}, Robert
        W.},
        title = "{Stochastic Transients as a Source of Quasi-periodic Processes in the
        Solar Atmosphere}",
      journal = {The Astrophysical Journal Supplement Series},
     keywords = {magnetohydrodynamics: MHD, Sun: atmosphere, Sun: corona, Sun:
        oscillations, waves, Astrophysics - Solar and Stellar
        Astrophysics},
         year = 2016,
        month = Jun,
       volume = {224},
          eid = {30},
        pages = {30},
          doi = {10.3847/0067-0049/224/2/30},
archivePrefix = {arXiv},
       eprint = {1603.08977},
 primaryClass = {astro-ph.SR},
       adsurl = {https://ui.adsabs.harvard.edu/\#abs/2016ApJS..224...30Y},
      adsnote = {Provided by the SAO/NASA Astrophysics Data System}
}
@article{Ruan_2018,
	author = {{Ruan, W.} and {Xia, C.} and {Keppens, R.}},
	title = {Solar flares and Kelvin-Helmholtz instabilities: A parameter survey},
	DOI= "10.1051/0004-6361/201833362",
	url= "https://doi.org/10.1051/0004-6361/201833362",
	journal = {A\&A},
	year = 2018,
	volume = 618,
	pages = "A135",
}

@ARTICLE{RK3_Shu1989JCoPh,
   author = {{Shu}, C.-W. and {Osher}, S.},
    title = "{Efficient Implementation of Essentially Non-oscillatory Shock-Capturing Schemes, II}",
  journal = {Journal of Computational Physics},
     year = 1989,
    month = jul,
   volume = 83,
    pages = {32-78},
      doi = {10.1016/0021-9991(89)90222-2},
   adsurl = {http://adsabs.harvard.edu/abs/1989JCoPh..83...32S},
  adsnote = {Provided by the SAO/NASA Astrophysics Data System}
}
@ARTICLE{Fontenla_1990ApJ,
   author = {{Fontenla}, J.~M. and {Avrett}, E.~H. and {Loeser}, R.},
    title = "{Energy balance in the solar transition region. I - Hydrostatic thermal models with ambipolar diffusion}",
  journal = {\apj},
 keywords = {Ambipolar Diffusion, Energy Transfer, Hydrostatics, Radiative Transfer, Solar Atmosphere, Heat Flux, Hydrogen Atoms, Lyman Alpha Radiation, Ohmic Dissipation, Temperature Distribution},
     year = 1990,
    month = jun,
   volume = 355,
    pages = {700-718},
      doi = {10.1086/168803},
   adsurl = {http://adsabs.harvard.edu/abs/1990ApJ...355..700F},
  adsnote = {Provided by the SAO/NASA Astrophysics Data System}
}
@ARTICLE{Vernazza_1981ApJS,
   author = {{Vernazza}, J.~E. and {Avrett}, E.~H. and {Loeser}, R.},
    title = "{Structure of the solar chromosphere. III - Models of the EUV brightness components of the quiet-sun}",
  journal = {\apjs},
 keywords = {Atmospheric Models, Brightness Temperature, Chromosphere, Extreme Ultraviolet Radiation, Nonequilibrium Thermodynamics, Radiative Heat Transfer, Solar Atmosphere, Ultraviolet Spectra, Atmospheric Heating, Atomic Energy Levels, Carbon, Graphs (Charts), Hydrogen Atoms, Iron, Lyman Spectra, Solar Temperature, Tables (Data)},
     year = 1981,
    month = apr,
   volume = 45,
    pages = {635-725},
      doi = {10.1086/190731},
   adsurl = {http://adsabs.harvard.edu/abs/1981ApJS...45..635V},
  adsnote = {Provided by the SAO/NASA Astrophysics Data System}
}
@INPROCEEDINGS{Curdt_1999ESASP,
   author = {{Curdt}, W. and {Heinzel}, P. and {Schmidt}, W. and {Tarbell}, T. and 
	{von Uexk{\"u}ll}, M. and {Wilken}, V.},
    title = "{Simultaneous Observations of Chromospheric and Transition Region Oscillations in HI Lyman Transitions and in Optical Lines}",
booktitle = {Magnetic Fields and Solar Processes},
     year = 1999,
   series = {ESA Special Publication},
   volume = 448,
   editor = {{Wilson}, A. and {et al.}},
    month = dec,
    pages = {177},
   adsurl = {http://adsabs.harvard.edu/abs/1999ESASP.448..177C},
  adsnote = {Provided by the SAO/NASA Astrophysics Data System}
}
@ARTICLE{Avrett_2008ApJS,
   author = {{Avrett}, E.~H. and {Loeser}, R.},
    title = "{Models of the Solar Chromosphere and Transition Region from SUMER and HRTS Observations: Formation of the Extreme-Ultraviolet Spectrum of Hydrogen, Carbon, and Oxygen}",
  journal = {\apjs},
 keywords = {atomic data, line: profiles, radiative transfer, Sun: chromosphere, Sun: transition region, Sun: UV radiation},
     year = 2008,
    month = mar,
   volume = 175,
    pages = {229-276},
      doi = {10.1086/523671},
   adsurl = {http://adsabs.harvard.edu/abs/2008ApJS..175..229A},
  adsnote = {Provided by the SAO/NASA Astrophysics Data System}
}
@ARTICLE{Tsiropoula2004,
   author = {{Tsiropoula}, G. and {Tziotziou}, K.},
    title = "{The role of chromospheric mottles in the mass balance and heating of the solar atmosphere}",
  journal = {\aap},
 keywords = {Sun: chromosphere, methods: data analysis},
     year = 2004,
    month = sep,
   volume = 424,
    pages = {279-288},
      doi = {10.1051/0004-6361:20035794},
   adsurl = {http://adsabs.harvard.edu/abs/2004A%26A...424..279T},
  adsnote = {Provided by the SAO/NASA Astrophysics Data System}
}

@ARTICLE{De_Pontieu2007,
   author = {{De Pontieu}, B. and {McIntosh}, S.~W. and {Carlsson}, M. and 
	{Hansteen}, V.~H. and {Tarbell}, T.~D. and {Schrijver}, C.~J. and 
	{Title}, A.~M. and {Shine}, R.~A. and {Tsuneta}, S. and {Katsukawa}, Y. and 
	{Ichimoto}, K. and {Suematsu}, Y. and {Shimizu}, T. and {Nagata}, S.
	},
    title = "{Chromospheric Alfv{\'e}nic Waves Strong Enough to Power the Solar Wind}",
  journal = {Science},
     year = 2007,
    month = dec,
   volume = 318,
    pages = {1574},
      doi = {10.1126/science.1151747},
   adsurl = {http://adsabs.harvard.edu/abs/2007Sci...318.1574D},
  adsnote = {Provided by the SAO/NASA Astrophysics Data System}
}
%----------------------------------
@ARTICLE{Sterling2010ApJ,
       author = {{Sterling}, Alphonse C. and {Moore}, Ronald L. and {DeForest}, Craig E.},
        title = "{Hinode Solar Optical Telescope Observations of the Source Regions and Evolution of ``Type II'' Spicules at the Solar Polar Limb}",
      journal = {\apjl},
     keywords = {Sun: atmosphere, Sun: chromosphere, Sun: magnetic topology, Sun: photosphere},
         year = 2010,
        month = may,
       volume = {714},
       number = {1},
        pages = {L1-L6},
          doi = {10.1088/2041-8205/714/1/L1},
       adsurl = {https://ui.adsabs.harvard.edu/abs/2010ApJ...714L...1S},
      adsnote = {Provided by the SAO/NASA Astrophysics Data System}
}
----------------------
@ARTICLE{Zaqarashvili2007A&A,
       author = {{Zaqarashvili}, T.~V. and {Khutsishvili}, E. and {Kukhianidze}, V. and
         {Ramishvili}, G.},
        title = "{Doppler-shift oscillations in solar spicules}",
      journal = {\aap},
     keywords = {Sun: chromosphere, Sun: oscillations, Astrophysics},
         year = 2007,
        month = nov,
       volume = {474},
       number = {2},
        pages = {627-632},
          doi = {10.1051/0004-6361:20077661},
archivePrefix = {arXiv},
       eprint = {0708.2057},
 primaryClass = {astro-ph},
       adsurl = {https://ui.adsabs.harvard.edu/abs/2007A&A...474..627Z},
      adsnote = {Provided by the SAO/NASA Astrophysics Data System}
}
%-----------------
@ARTICLE{Kukhianidze2006A&A,
       author = {{Kukhianidze}, V. and {Zaqarashvili}, T.~V. and {Khutsishvili}, E.},
        title = "{Observation of kink waves in solar spicules}",
      journal = {\aap},
     keywords = {Sun: chromosphere, Sun: oscillations, Astrophysics},
         year = 2006,
        month = apr,
       volume = {449},
       number = {2},
        pages = {L35-L38},
          doi = {10.1051/0004-6361:200600018},
archivePrefix = {arXiv},
       eprint = {astro-ph/0602534},
 primaryClass = {astro-ph},
       adsurl = {https://ui.adsabs.harvard.edu/abs/2006A&A...449L..35K},
      adsnote = {Provided by the SAO/NASA Astrophysics Data System}
}
%-----------------
@ARTICLE{Porfir2016A,
       author = {{Porfir'eva}, G.~A. and {Yakunina}, G.~V.},
        title = "{Chromospheric spicules and solar corona}",
      journal = {Astronomical and Astrophysical Transactions},
     keywords = {Sun, chromosphere, type II spicules, heating of the corona, magnetic reconnection},
         year = 2016,
        month = dec,
       volume = {29},
       number = {4},
        pages = {567-580},
       adsurl = {https://ui.adsabs.harvard.edu/abs/2016A&AT...29..567P},
      adsnote = {Provided by the SAO/NASA Astrophysics Data System}
}
%--------------------
@ARTICLE{Withbroe1983ApJ,
   author = {{Withbroe}, G.~L.},
    title = "{The role of spicules in heating the solar atmosphere Implications of EUV observations}",
  journal = {\apj},
 keywords = {Extreme Ultraviolet Radiation, Solar Atmosphere, Solar Spectra, Solar Temperature, Spicules, Atmospheric Heating, Atmospheric Temperature, Chromosphere, Coronal Holes, H Alpha Line, Potential Energy, Scale Height, Solar Limb},
     year = 1983,
    month = apr,
   volume = 267,
    pages = {825-836},
      doi = {10.1086/160917},
   adsurl = {http://adsabs.harvard.edu/abs/1983ApJ...267..825W},
  adsnote = {Provided by the SAO/NASA Astrophysics Data System}
}
%-------------------------
@ARTICLE{Pontieu2007PASJ,
   author = {{De Pontieu}, B. and {McIntosh}, S. and {Hansteen}, V.~H. and 
	{Carlsson}, M. and {Schrijver}, C.~J. and {Tarbell}, T.~D. and 
	{Title}, A.~M. and {Shine}, R.~A. and {Suematsu}, Y. and {Tsuneta}, S. and 
	{Katsukawa}, Y. and {Ichimoto}, K. and {Shimizu}, T. and {Nagata}, S.
	},
    title = "{A Tale of Two Spicules: The Impact of Spicules on the Magnetic Chromosphere}",
  journal = {\pasj},
archivePrefix = "arXiv",
   eprint = {0710.2934},
 keywords = {Sun: chromosphere, Sun: transition region},
     year = 2007,
    month = nov,
   volume = 59,
    pages = {S655-S662},
      doi = {10.1093/pasj/59.sp3.S655},
   adsurl = {http://adsabs.harvard.edu/abs/2007PASJ...59S.655D},
  adsnote = {Provided by the SAO/NASA Astrophysics Data System}
}
%-------------------
@ARTICLE{Pontieu2004Natur,
   author = {{De Pontieu}, B. and {Erd{\'e}lyi}, R. and {James}, S.~P.},
    title = "{Solar chromospheric spicules from the leakage of photospheric oscillations and flows}",
  journal = {\nat},
     year = 2004,
    month = jul,
   volume = 430,
    pages = {536-539},
      doi = {10.1038/nature02749},
   adsurl = {http://adsabs.harvard.edu/abs/2004Natur.430..536D},
  adsnote = {Provided by the SAO/NASA Astrophysics Data System}
}
@ARTICLE{Gonz2017ApJ,
   author = {{Gonz{\'a}lez-Avil{\'e}s}, J.~J. and {Guzm{\'a}n}, F.~S. and 
	{Fedun}, V.},
    title = "{Jet Formation in Solar Atmosphere due to Magnetic Reconnection}",
  journal = {\apj},
archivePrefix = "arXiv",
   eprint = {1609.09422},
 primaryClass = "astro-ph.SR",
 keywords = {magnetic reconnection, magnetohydrodynamics: MHD, methods: numerical, Sun: atmosphere, Sun: magnetic fields},
     year = 2017,
    month = feb,
   volume = 836,
      eid = {24},
    pages = {24},
      doi = {10.3847/1538-4357/836/1/24},
   adsurl = {http://adsabs.harvard.edu/abs/2017ApJ...836...24G},
  adsnote = {Provided by the SAO/NASA Astrophysics Data System}
}

@ARTICLE{Gonz2017arXiv170905066G,
   author = {{Gonz{\'a}lez-Avil{\'e}s}, J.~J. and {Guzm{\'a}n}, F.~S. and 
	{Fedun}, V. and {Verth}, G. and {Shelyag}, S. and {Regnier}, S.
	},
    title = "{I. Jet Formation and Evolution due to 3D Magnetic Reconnection}",
  journal = {ArXiv e-prints},
archivePrefix = "arXiv",
   eprint = {1709.05066},
 primaryClass = "astro-ph.SR",
 keywords = {Astrophysics - Solar and Stellar Astrophysics},
     year = 2017,
    month = sep,
   adsurl = {http://adsabs.harvard.edu/abs/2017arXiv170905066G},
  adsnote = {Provided by the SAO/NASA Astrophysics Data System}
}

@ARTICLE{Sterling_2000SoPh,
   author = {{Sterling}, A.~C.},
    title = "{Solar Spicules: A Review of Recent Models and Targets for Future Observations - (Invited Review)}",
  journal = {\solphys},
     year = 2000,
    month = sep,
   volume = 196,
    pages = {79-111},
      doi = {10.1023/A:1005213923962},
   adsurl = {http://adsabs.harvard.edu/abs/2000SoPh..196...79S},
  adsnote = {Provided by the SAO/NASA Astrophysics Data System}
}
%---------------------
@INBOOK{Matthews2016SPIE,
       author = {{Matthews}, Sarah A. and {Collados}, Manuel and {Mathioudakis}, Mihalis and
         {Erdelyi}, Robertus},
        title = "{The European Solar Telescope (EST)}",
    booktitle = {\procspie},
         year = 2016,
       volume = {9908},
       series = {Society of Photo-Optical Instrumentation Engineers (SPIE) Conference Series},
          eid = {990809},
        pages = {990809},
          doi = {10.1117/12.2234145},
       adsurl = {https://ui.adsabs.harvard.edu/abs/2016SPIE.9908E..09M},
      adsnote = {Provided by the SAO/NASA Astrophysics Data System}
}
%---------------------
@ARTICLE{Tsuneta2008SoPh,
       author = {{Tsuneta}, S. and {Ichimoto}, K. and {Katsukawa}, Y. and {Nagata}, S. and
         {Otsubo}, M. and {Shimizu}, T. and {Suematsu}, Y. and {Nakagiri}, M. and
         {Noguchi}, M. and {Tarbell}, T. and {Title}, A. and {Shine}, R. and
         {Rosenberg}, W. and {Hoffmann}, C. and {Jurcevich}, B. and
         {Kushner}, G. and {Levay}, M. and {Lites}, B. and {Elmore}, D. and
         {Matsushita}, T. and {Kawaguchi}, N. and {Saito}, H. and {Mikami}, I. and
         {Hill}, L.~D. and {Owens}, J.~K.},
        title = "{The Solar Optical Telescope for the Hinode Mission: An Overview}",
      journal = {\solphys},
     keywords = {Solar-B, Hinode, Sun: magnetic fields, Sun: photosphere, Sun: chromosphere, Sun: MHD, Astrophysics},
         year = 2008,
        month = jun,
       volume = {249},
       number = {2},
        pages = {167-196},
          doi = {10.1007/s11207-008-9174-z},
archivePrefix = {arXiv},
       eprint = {0711.1715},
 primaryClass = {astro-ph},
       adsurl = {https://ui.adsabs.harvard.edu/abs/2008SoPh..249..167T},
      adsnote = {Provided by the SAO/NASA Astrophysics Data System}
}
%-----------
@ARTICLE{Suematsu2008SoPh,
       author = {{Suematsu}, Y. and {Tsuneta}, S. and {Ichimoto}, K. and {Shimizu}, T. and
         {Otsubo}, M. and {Katsukawa}, Y. and {Nakagiri}, M. and {Noguchi}, M. and
         {Tamura}, T. and {Kato}, Y. and {Hara}, H. and {Kubo}, M. and
         {Mikami}, I. and {Saito}, H. and {Matsushita}, T. and {Kawaguchi}, N. and
         {Nakaoji}, T. and {Nagae}, K. and {Shimada}, S. and {Takeyama}, N. and
         {Yamamuro}, T.},
        title = "{The Solar Optical Telescope of Solar-B ( Hinode): The Optical Telescope Assembly}",
      journal = {\solphys},
     keywords = {Sun: instrumentation, Sun: space telescope, Sun: visible light},
         year = 2008,
        month = jun,
       volume = {249},
       number = {2},
        pages = {197-220},
          doi = {10.1007/s11207-008-9129-4},
       adsurl = {https://ui.adsabs.harvard.edu/abs/2008SoPh..249..197S},
      adsnote = {Provided by the SAO/NASA Astrophysics Data System}
}
%----------------
@ARTICLE{Ichimoto2008SoPh,
       author = {{Ichimoto}, K. and {Lites}, B. and {Elmore}, D. and {Suematsu}, Y. and
         {Tsuneta}, S. and {Katsukawa}, Y. and {Shimizu}, T. and {Shine}, R. and
         {Tarbell}, T. and {Title}, A. and {Kiyohara}, J. and {Shinoda}, K. and
         {Card}, G. and {Lecinski}, A. and {Streander}, K. and {Nakagiri}, M. and
         {Miyashita}, M. and {Noguchi}, M. and {Hoffmann}, C. and {Cruz}, T.},
        title = "{Polarization Calibration of the Solar Optical Telescope onboard Hinode}",
      journal = {\solphys},
     keywords = {Polarimeter, Stokes vector, Space telescope, Magnetic field, Optical telescope, Sun},
         year = 2008,
        month = jun,
       volume = {249},
       number = {2},
        pages = {233-261},
          doi = {10.1007/s11207-008-9169-9},
       adsurl = {https://ui.adsabs.harvard.edu/abs/2008SoPh..249..233I},
      adsnote = {Provided by the SAO/NASA Astrophysics Data System}
}
%----------------
@INBOOK{Scharmer2003SPIE,
       author = {{Scharmer}, Goran B. and {Bjelksjo}, Klas and {Korhonen}, Tapio K. and
         {Lindberg}, Bo and {Petterson}, Bertil},
        title = "{The 1-meter Swedish solar telescope}",
    booktitle = {\procspie},
         year = 2003,
       editor = {{Keil}, Stephen L. and {Avakyan}, Sergey V.},
       volume = {4853},
       series = {Society of Photo-Optical Instrumentation Engineers (SPIE) Conference Series},
        pages = {341-350},
          doi = {10.1117/12.460377},
       adsurl = {https://ui.adsabs.harvard.edu/abs/2003SPIE.4853..341S},
      adsnote = {Provided by the SAO/NASA Astrophysics Data System}
}
%----------------
@ARTICLE{James2003AA,
       author = {{James}, S.~P. and {Erd{\'e}lyi}, R. and {De Pontieu}, B.},
        title = "{Can ion-neutral damping help to form spicules?}",
      journal = {\aap},
     keywords = {magnetohydrodynamics (MHD), waves, Sun: transition region, Sun: faculae, plages, Sun: atmosphere, Sun: chromosphere},
         year = 2003,
        month = aug,
       volume = {406},
        pages = {715-724},
          doi = {10.1051/0004-6361:20030685},
       adsurl = {https://ui.adsabs.harvard.edu/abs/2003A&A...406..715J},
      adsnote = {Provided by the SAO/NASA Astrophysics Data System}
}
%----------------
@ARTICLE{Zaqarashvili_2009SSRv,
   author = {{Zaqarashvili}, T.~V. and {Erd{\'e}lyi}, R.},
    title = "{Oscillations and Waves in Solar Spicules}",
  journal = {\ssr},
archivePrefix = "arXiv",
   eprint = {0906.1783},
 primaryClass = "astro-ph.SR",
     year = 2009,
    month = dec,
   volume = 149,
    pages = {355-388},
      doi = {10.1007/s11214-009-9549-y},
   adsurl = {http://adsabs.harvard.edu/abs/2009SSRv..149..355Z},
  adsnote = {Provided by the SAO/NASA Astrophysics Data System}
}
%----------------
@Article{Beckers1968,
author={{Beckers}, J. M.},
title="{Solar spicules}",
journal={Solar Physic},
year=1968,
volume=3,
number=3,
pages={367-433},
issn={1573-093X},
doi={10.1007/BF00171614},
adsurl={http://dx.doi.org/10.1007/BF00171614}
}
%--------------
@ARTICLE{Beckers1972ARA&A,
   author = {{Beckers}, J.~M.},
    title = "{Solar Spicules}",
  journal = {\araa},
     year = 1972,
   volume = 10,
    pages = {73},
      doi = {10.1146/annurev.aa.10.090172.000445},
   adsurl = {http://adsabs.harvard.edu/abs/1972ARA%26A..10...73B},
  adsnote = {Provided by the SAO/NASA Astrophysics Data System}
}
@ARTICLE{Hansteen2006ApJ,
       author = {{Hansteen}, V.~H. and {De Pontieu}, B. and {Rouppe van der Voort}, L. and
         {van Noort}, M. and {Carlsson}, M.},
        title = "{Dynamic Fibrils Are Driven by Magnetoacoustic Shocks}",
      journal = {\apjl},
     keywords = {Magnetic Fields, Sun: Chromosphere, Sun: Photosphere, Astrophysics},
         year = 2006,
        month = aug,
       volume = {647},
       number = {1},
        pages = {L73-L76},
          doi = {10.1086/507452},
archivePrefix = {arXiv},
       eprint = {astro-ph/0607332},
 primaryClass = {astro-ph},
       adsurl = {https://ui.adsabs.harvard.edu/abs/2006ApJ...647L..73H},
      adsnote = {Provided by the SAO/NASA Astrophysics Data System}
}
@ARTICLE{Judge_2010ApJ,
   author = {{Judge}, P.~G. and {Carlsson}, M.},
    title = "{On the Solar Chromosphere Observed at the LIMB with Hinode}",
  journal = {\apj},
archivePrefix = "arXiv",
   eprint = {1004.1398},
 primaryClass = "astro-ph.SR",
 keywords = {Sun: chromosphere},
     year = 2010,
    month = aug,
   volume = 719,
    pages = {469-473},
      doi = {10.1088/0004-637X/719/1/469},
   adsurl = {http://adsabs.harvard.edu/abs/2010ApJ...719..469J},
  adsnote = {Provided by the SAO/NASA Astrophysics Data System}
}
@article{COLELLA1984174,
author = {Colella, Phillip and Woodward, Paul R},
doi = {https://doi.org/10.1016/0021-9991(84)90143-8},
issn = {0021-9991},
journal = {Journal of Computational Physics},
number = {1},
pages = {174--201},
title = {{The Piecewise Parabolic Method (PPM) for gas-dynamical simulations}},
url = {http://www.sciencedirect.com/science/article/pii/0021999184901438},
volume = {54},
year = {1984}
}
@article {Hollweg_1986,
author = {Hollweg, Joseph V.},
title = {Transition region, corona, and solar wind in coronal holes},
journal = {Journal of Geophysical Research: Space Physics},
volume = {91},
number = {A4},
issn = {2156-2202},
url = {http://dx.doi.org/10.1029/JA091iA04p04111},
doi = {10.1029/JA091iA04p04111},
pages = {4111--4125},
keywords = {Interplanetary Physics: MHD waves and turbulence, Solar wind plasma, Solar wind sources, Solar Physics, Astrophysics, and Astronomy: Corona and transition region},
year = {1986},
}
@Article{Roberts_2000,
author="Roberts, B.",
title="Waves and Oscillations in the Corona -- (Invited Review)",
journal="Solar Physics",
year="2000",
month="Apr",
day="01",
volume="193",
number="1",
pages="139--152",
abstract="It has long been suggested on theoretical grounds that MHD waves must occur in the solar corona, and have important implications for coronal physics. An unequivocal identification of such waves has however proved elusive, though a number of events were consistent with an interpretation in terms of MHD waves. Recent detailed observations of waves in events observed by SOHO and TRACE removes that uncertainty, and raises the importance of MHD waves in the corona to a higher level. Here we review theoretical aspects of how MHD waves and oscillations may occur in a coronal medium. Detailed observations of waves and oscillations in coronal loops, plumes and prominences make feasible the development of coronal seismology, whereby parameters of the coronal plasma (notably the Alfv{\'e}n speed and through this the magnetic field strength) may be determined from properties of the oscillations. MHD fast waves are refracted by regions of low Alfv{\'e}n speed and slow waves are closely field-guided, making regions of dense coronal plasma (such as coronal loops and plumes) natural wave guides for MHD waves. There are analogies with sound waves in ocean layers and with elastic waves in the Earth's crust. Recent observations also indicate that coronal oscillations are damped. We consider the various ways this may be brought about, and its implications for coronal heating.",
issn="1573-093X",
doi="10.1023/A:1005237109398",
url="https://doi.org/10.1023/A:1005237109398"
}

%added!!!!!
@article{kobanov_umbral_2006,
	title = {Umbral {Three}-{Minute} {Oscillations} and {Running} {Penumbral} {Waves}},
	volume = {238},
	issn = {0038-0938, 1573-093X},
	url = {http://link.springer.com/10.1007/s11207-006-0160-z},
	doi = {10.1007/s11207-006-0160-z},
	language = {en},
	number = {2},
	urldate = {2016-08-02},
	journal = {Solar Physics},
	author = {Kobanov, N. I. and Kolobov, D. Y. and Makarchik, D. V.},
	month = nov,
	year = {2006},
	pages = {231--244},
	file = {kobanov_2006.pdf:/home/drew/Documents/research/kobanov_2006.pdf:application/pdf}
}

@article{bonet_sunrise/imax_2010,
	title = {{SUNRISE}/{IMaX} {OBSERVATIONS} {OF} {CONVECTIVELY} {DRIVEN} {VORTEX} {FLOWS} {IN} {THE} {SUN}},
	volume = {723},
	issn = {2041-8205, 2041-8213},
	url = {http://stacks.iop.org/2041-8205/723/i=2/a=L139?key=crossref.7953489f4cb42ada959b9717a097f5e1},
	doi = {10.1088/2041-8205/723/2/L139},
	number = {2},
	urldate = {2016-09-02},
	journal = {The Astrophysical Journal},
	author = {Bonet, J. A. and M{\'a}rquez, I. and Almeida, J. S{\'a}nchez and Palacios, J. and Pillet, V. Mart{\'i}nez and Solanki, S. K. and del Toro Iniesta, J. C. and Domingo, V. and Berkefeld, T. and Schmidt, W. and Gandorfer, A. and Barthol, P. and Kn{\"o}lker, M.},
	month = nov,
	year = {2010},
	pages = {L139--L143},
	file = {bonet_2010.pdf:/home/drew/.zotero/zotero/fivi4oth.default/zotero/storage/F77TR76X/bonet_2010.pdf:application/pdf}
}

@article{griffiths_fast_2015,
	title = {A {Fast} {MHD} {Code} for {Gravitationally} {Stratified} {Media} using {Graphical} {Processing} {Units}: {SMAUG}},
	volume = {36},
	shorttitle = {A {Fast} {MHD} {Code} for {Gravitationally} {Stratified} {Media} using {Graphical} {Processing} {Units}},
	url = {http://link.springer.com/article/10.1007/s12036-015-9328-y},
	number = {1},
	urldate = {2016-07-18},
	journal = {Journal of Astrophysics and Astronomy},
	author = {Griffiths, M. K. and Fedun, V. and Erd{\'e}lyi, R.},
	year = {2015},
	pages = {197--223},
	file = {Griffiths_Fedun_AaAJ_2015.pdf:/home/drew/.zotero/zotero/fivi4oth.default/zotero/storage/58FSPWM5/Griffiths_Fedun_AaAJ_2015.pdf:application/pdf}
}

@article{bonet_convectively_2008,
	title = {Convectively {Driven} {Vortex} {Flows} in the {Sun}},
	volume = {687},
	issn = {0004-637X, 1538-4357},
	url = {http://stacks.iop.org/1538-4357/687/i=2/a=L131},
	doi = {10.1086/593329},
	language = {en},
	number = {2},
	urldate = {2016-08-04},
	journal = {The Astrophysical Journal},
	author = {Bonet, J. A. and M{\'a}rquez, I. and S{\'a}nchez Almeida, J. and Cabello, I. and Domingo, V.},
	month = nov,
	year = {2008},
	pages = {L131--L134},
	file = {Bonet_2008.pdf:/home/drew/Documents/research/Bonet_2008.pdf:application/pdf}
}

@article{morton_observations_2012,
	title = {Observations of ubiquitous compressive waves in the {Sun}{\textquoteright}s chromosphere},
	volume = {3},
	issn = {2041-1723},
	url = {http://www.nature.com/doifinder/10.1038/ncomms2324},
	doi = {10.1038/ncomms2324},
	urldate = {2016-08-02},
	journal = {Nature Communications},
	author = {Morton, Richard J. and Verth, Gary and Jess, David B. and Kuridze, David and Ruderman, Michael S. and Mathioudakis, Mihalis and Erd{\'e}lyi, Robertus},
	month = dec,
	year = {2012},
	pages = {1315},
	file = {morton_2012.pdf:/home/drew/Documents/research/morton_2012.pdf:application/pdf}
}

@article{vogler_simulations_2005,
	title = {Simulations of magneto-convection in the solar photosphere},
	volume = {429},
	issn = {0004-6361, 1432-0746},
	url = {http://www.aanda.org/10.1051/0004-6361:20041507},
	doi = {10.1051/0004-6361:20041507},
	number = {1},
	urldate = {2016-07-18},
	journal = {Astronomy \& Astrophysics},
	author = {V{\"o}gler, A. and Shelyag, S. and Sch{\"u}ssler, M. and Cattaneo, F. and Emonet, T. and Linde, T.},
	month = jan,
	year = {2005},
	pages = {335--351},
	file = {Vogler et al 2005.pdf:/home/drew/.zotero/zotero/fivi4oth.default/zotero/storage/BN9I2CBP/Vogler et al 2005.pdf:application/pdf}
}

@article{bogdan_waves_2003,
	title = {Waves in the {Magnetized} {Solar} {Atmosphere}. {II}. {Waves} from {Localized} {Sources} in {Magnetic} {Flux} {Concentrations}},
	volume = {599},
	issn = {0004-637X, 1538-4357},
	url = {http://stacks.iop.org/0004-637X/599/i=1/a=626},
	doi = {10.1086/378512},
	language = {en},
	number = {1},
	urldate = {2016-09-07},
	journal = {The Astrophysical Journal},
	author = {Bogdan, T.~J. and Hansteen, M.~Carlsson~V. and McMurry, A. and Rosenthal, C.~S. and Johnson, M. and Petty-Powell, S. and Zita, E.~J. and Stein, R.~F. and McIntosh, S.~W. and Nordlund, {\r a}.},
	month = dec,
	year = {2003},
	pages = {626--660}
}

@article{petrie_comparative_2009,
	title = {A {COMPARATIVE} {STUDY} {OF} {MAGNETIC} {FIELDS} {IN} {THE} {SOLAR} {PHOTOSPHERE} {AND} {CHROMOSPHERE} {AT} {EQUATORIAL} {AND} {POLAR} {LATITUDES}},
	volume = {699},
	issn = {0004-637X, 1538-4357},
	url = {http://stacks.iop.org/0004-637X/699/i=1/a=871?key=crossref.45c44d213003675806750e7d4018108f},
	doi = {10.1088/0004-637X/699/1/871},
	number = {1},
	urldate = {2017-03-24},
	journal = {The Astrophysical Journal},
	author = {Petrie, G. J. D. and Patrikeeva, I.},
	month = jul,
	year = {2009},
	pages = {871--884},
	file = {Petrie_2009_ApJ_699_871.pdf:/home/drew/Documents/research/Petrie_2009_ApJ_699_871.pdf:application/pdf}
}

@article{reznikova_spatial_2012,
	title = {{SPATIAL} {STRUCTURE} {OF} {SUNSPOT} {OSCILLATIONS} {OBSERVED} {WITH} \textit{{SDO}} /{AIA}},
	volume = {756},
	issn = {0004-637X, 1538-4357},
	url = {http://stacks.iop.org/0004-637X/756/i=1/a=35?key=crossref.23ea985e1fcf97ce1a13f257e7fad456},
	doi = {10.1088/0004-637X/756/1/35},
	number = {1},
	urldate = {2016-08-02},
	journal = {The Astrophysical Journal},
	author = {Reznikova, V. E. and Shibasaki, K.},
	month = sep,
	year = {2012},
	pages = {35},
	file = {reznikova_2012.pdf:/home/drew/Documents/research/reznikova_2012.pdf:application/pdf}
}

@article{wedemeyer-bohm_magnetic_2012,
	title = {Magnetic tornadoes as energy channels into the solar corona},
	volume = {486},
	issn = {0028-0836, 1476-4687},
	url = {http://www.nature.com/doifinder/10.1038/nature11202},
	doi = {10.1038/nature11202},
	number = {7404},
	urldate = {2016-07-18},
	journal = {Nature},
	author = {Wedemeyer-B{\"o}hm, Sven and Scullion, Eamon and Steiner, Oskar and van der Voort, Luc Rouppe and de la Cruz Rodriguez, Jaime and Fedun, Viktor and Erd{\'e}lyi, Robert},
	month = jun,
	year = {2012},
	pages = {505--508},
	file = {Wedemeyer-Bohm_Scullion_Steiner_RouppevanderVoort_deLaCruzRodriguez_Fedun_Erdelyi_Nature_2012.pdf:/home/drew/.zotero/zotero/fivi4oth.default/zotero/storage/SEW2DESC/Wedemeyer-Bohm_Scullion_Steiner_RouppevanderVoort_deLaCruzRodriguez_Fedun_Erdelyi_Nature_2012.pdf:application/pdf}
}

@article{shelyag_photospheric_2011,
	title = {Photospheric magnetic vortex structures},
	volume = {29},
	issn = {1432-0576},
	url = {http://www.ann-geophys.net/29/883/2011/},
	doi = {10.5194/angeo-29-883-2011},
	language = {en},
	number = {5},
	urldate = {2016-09-02},
	journal = {Annales Geophysicae},
	author = {Shelyag, S. and Fedun, V. and Keenan, F. P. and Erd{\'e}lyi, R. and Mathioudakis, M.},
	month = may,
	year = {2011},
	pages = {883--887},
	file = {shelyag_2011.pdf:/home/drew/.zotero/zotero/fivi4oth.default/zotero/storage/4PB76J3B/shelyag_2011.pdf:application/pdf}
}

@article{fujimura_properties_2009,
	title = {{PROPERTIES} {OF} {MAGNETOHYDRODYNAMIC} {WAVES} {IN} {THE} {SOLAR} {PHOTOSPHERE} {OBTAINED} {WITH} \textit{{HINODE}}},
	volume = {702},
	issn = {0004-637X, 1538-4357},
	url = {http://stacks.iop.org/0004-637X/702/i=2/a=1443?key=crossref.ac9078b67fd4c8d9490cfe81b8ea259f},
	doi = {10.1088/0004-637X/702/2/1443},
	number = {2},
	urldate = {2016-08-02},
	journal = {The Astrophysical Journal},
	author = {Fujimura, D. and Tsuneta, S.},
	month = sep,
	year = {2009},
	pages = {1443--1457},
	file = {fujimura_2009.pdf:/home/drew/Documents/research/fujimura_2009.pdf:application/pdf}
}

@article{schussler_dynamical_2005,
	title = {The dynamical disconnection of sunspots from their magnetic roots},
	volume = {441},
	issn = {0004-6361, 1432-0756},
	url = {http://www.edpsciences.org/10.1051/0004-6361:20052962},
	doi = {10.1051/0004-6361:20052962},
	number = {1},
	urldate = {2016-10-06},
	journal = {Astronomy and Astrophysics},
	author = {Sch{\"u}ssler, M. and Rempel, M.},
	month = oct,
	year = {2005},
	pages = {337--346},
	file = {shussler.pdf:/home/drew/.zotero/zotero/fivi4oth.default/zotero/storage/F6FXE22F/shussler.pdf:application/pdf}
}

@article{fedun_mhd_2011,
	title = {{MHD} waves generated by high-frequency photospheric vortex motions},
	volume = {29},
	issn = {1432-0576},
	url = {http://www.ann-geophys.net/29/1029/2011/},
	doi = {10.5194/angeo-29-1029-2011},
	language = {en},
	number = {6},
	urldate = {2016-08-05},
	journal = {Annales Geophysicae},
	author = {Fedun, V. and Shelyag, S. and Verth, G. and Mathioudakis, M. and Erd{\'e}lyi, R.},
	month = jun,
	year = {2011},
	pages = {1029--1035},
	file = {fedun_2011.pdf:/home/drew/Documents/research/fedun_2011.pdf:application/pdf}
}

@article{ionson_resonant_1978,
	title = {Resonant absorption of {Alfvenic} surface waves and the heating of solar coronal loops},
	volume = {226},
	issn = {0004-637X, 1538-4357},
	url = {http://adsabs.harvard.edu/doi/10.1086/156648},
	doi = {10.1086/156648},
	language = {en},
	urldate = {2016-08-04},
	journal = {The Astrophysical Journal},
	author = {Ionson, J. A.},
	month = dec,
	year = {1978},
	pages = {650},
	file = {ionson_1978.pdf:/home/drew/Documents/research/ionson_1978.pdf:application/pdf}
}

@article{davila_heating_1987,
	title = {Heating of the solar corona by the resonant absorption of {Alfven} waves},
	volume = {317},
	issn = {0004-637X, 1538-4357},
	url = {http://adsabs.harvard.edu/doi/10.1086/165295},
	doi = {10.1086/165295},
	language = {en},
	urldate = {2016-08-04},
	journal = {The Astrophysical Journal},
	author = {Davila, Joseph M.},
	month = jun,
	year = {1987},
	pages = {514},
	file = {davila_1987.pdf:/home/drew/Documents/research/davila_1987.pdf:application/pdf}
}

@article{kato_vortex_2017,
	title = {Vortex {Flows} in the {Solar} {Chromosphere} -- {I}. {Automatic} detection method},
	journal = {ArXiv e-prints},
	author = {Kato, Y. and Wedemeyer, S.},
	month = feb,
	year = {2017},
	note = {bibtex: kato\_vortex\_2017},
	keywords = {-, \#LaTeX, and, Astrophysics, Solar, Stellar}
}

@misc{center_for_history_and_new_media_zotero_nodate,
	title = {Zotero {Quick} {Start} {Guide}},
	url = {http://zotero.org/support/quick_start_guide},
	author = {{Center for History and New Media}}
}

@article{toth_general_1996,
	title = {A {General} {Code} for {Modeling} {MHD} {Flows} on {Parallel} {Computers}: {Versatile} {Advection} {Code}},
	volume = {34},
	url = {https://ui.adsabs.harvard.edu/#abs/1996ApL&C..34..245T/abstract},
	language = {en},
	journal = {Astrophysical Letters and Communications},
	author = {T{\'o}th, Gabor},
	year = {1996},
	pages = {245},
	file = {toth_1996.pdf:/home/drew/.zotero/zotero/fivi4oth.default/zotero/storage/PZMHQE9U/toth_1996.pdf:application/pdf}
}

@article{kitiashvili_ubiquitous_2013,
	title = {{UBIQUITOUS} {SOLAR} {ERUPTIONS} {DRIVEN} {BY} {MAGNETIZED} {VORTEX} {TUBES}},
	volume = {770},
	issn = {0004-637X, 1538-4357},
	url = {http://stacks.iop.org/0004-637X/770/i=1/a=37?key=crossref.e553349992a8579c799ce5ee81e948d4},
	doi = {10.1088/0004-637X/770/1/37},
	number = {1},
	urldate = {2016-09-16},
	journal = {The Astrophysical Journal},
	author = {Kitiashvili, I. N. and Kosovichev, A. G. and Lele, S. K. and Mansour, N. N. and Wray, A. A.},
	month = jun,
	year = {2013},
	pages = {37},
	file = {apj_770_1_37.pdf:/home/drew/.zotero/zotero/fivi4oth.default/zotero/storage/URCCWBRZ/apj_770_1_37.pdf:application/pdf}
}

@article{banerjee_present_2007,
	title = {Present and {Future} {Observing} {Trends} in {Atmospheric} {Magnetoseismology}},
	volume = {246},
	issn = {0038-0938, 1573-093X},
	url = {http://link.springer.com/10.1007/s11207-007-9029-z},
	doi = {10.1007/s11207-007-9029-z},
	language = {en},
	number = {1},
	urldate = {2017-03-06},
	journal = {Solar Physics},
	author = {Banerjee, D. and Erd{\'e}lyi, R. and Oliver, R. and O{\textquoteright}Shea, E.},
	month = dec,
	year = {2007},
	pages = {3--29},
	file = {banerjee_2007.pdf:/home/drew/.zotero/zotero/fivi4oth.default/zotero/storage/4UMJ9VPX/banerjee_2007.pdf:application/pdf}
}

@article{hasan_dynamics_2008,
	title = {Dynamics of the {Solar} {Magnetic} {Network}. {II}. {Heating} the {Magnetized} {Chromosphere}},
	volume = {680},
	issn = {0004-637X, 1538-4357},
	url = {http://stacks.iop.org/0004-637X/680/i=2/a=1542},
	doi = {10.1086/587773},
	language = {en},
	number = {2},
	urldate = {2016-09-07},
	journal = {The Astrophysical Journal},
	author = {Hasan, S. S. and van Ballegooijen, A. A.},
	month = jun,
	year = {2008},
	pages = {1542--1552},
	file = {hasan_2008.pdf:/home/drew/.zotero/zotero/fivi4oth.default/zotero/storage/2GKMIZ9G/hasan_2008.pdf:application/pdf}
}

@article{hunter_matplotlib:_2007,
	title = {Matplotlib: {A} 2D {Graphics} {Environment}},
	volume = {9},
	issn = {1521-9615},
	shorttitle = {Matplotlib},
	url = {http://ieeexplore.ieee.org/document/4160265/},
	doi = {10.1109/MCSE.2007.55},
	number = {3},
	urldate = {2016-12-01},
	journal = {Computing in Science \& Engineering},
	author = {Hunter, John D.},
	year = {2007},
	pages = {90--95},
	file = {hunter_2007.pdf:/home/drew/.zotero/zotero/fivi4oth.default/zotero/storage/9ZZ97MDG/hunter_2007.pdf:application/pdf}
}

@article{vernazza_structure_1981,
	title = {Structure of the solar chromosphere. {III} - {Models} of the {EUV} brightness components of the quiet-sun},
	volume = {45},
	issn = {0067-0049, 1538-4365},
	url = {http://adsabs.harvard.edu/doi/10.1086/190731},
	doi = {10.1086/190731},
	language = {en},
	urldate = {2016-11-02},
	journal = {The Astrophysical Journal Supplement Series},
	author = {Vernazza, J. E. and Avrett, E. H. and Loeser, R.},
	month = apr,
	year = {1981},
	pages = {635},
	file = {vernazza_1981.pdf:/home/drew/.zotero/zotero/fivi4oth.default/zotero/storage/GTQJ3BQE/vernazza_1981.pdf:application/pdf}
}

@article{mathioudakis_alfven_2013,
	title = {Alfv{\'e}n {Waves} in the {Solar} {Atmosphere}: {From} {Theory} to {Observations}},
	volume = {175},
	issn = {0038-6308, 1572-9672},
	shorttitle = {Alfv{\'e}n {Waves} in the {Solar} {Atmosphere}},
	url = {http://link.springer.com/10.1007/s11214-012-9944-7},
	doi = {10.1007/s11214-012-9944-7},
	language = {en},
	number = {1-4},
	urldate = {2016-08-02},
	journal = {Space Science Reviews},
	author = {Mathioudakis, M. and Jess, D. B. and Erd{\'e}lyi, R.},
	month = jun,
	year = {2013},
	pages = {1--27},
	file = {mathioudakis_2013.pdf:/home/drew/Documents/research/mathioudakis_2013.pdf:application/pdf}
}

@article{koenigs_hydrogen_1975,
	title = {Hydrogen peroxide and iron: a microbial cellulolytic system?},
	issn = {0572-6565},
	shorttitle = {Hydrogen peroxide and iron},
	language = {ENG},
	number = {5},
	journal = {Biotechnol Bioeng Symp},
	author = {Koenigs, J. W.},
	year = {1975},
	pmid = {97},
	keywords = {Cellulase, Cellulose, Glycoside Hydrolases, Hydrogen-Ion Concentration, Hydrogen Peroxide, Iron, Kinetics, Mitosporic Fungi, Structure-Activity Relationship, Trichoderma},
	pages = {151--159}
}

@article{freij_detection_2014,
	title = {{THE} {DETECTION} {OF} {UPWARDLY} {PROPAGATING} {WAVES} {CHANNELING} {ENERGY} {FROM} {THE} {CHROMOSPHERE} {TO} {THE} {LOW} {CORONA}},
	volume = {791},
	issn = {0004-637X, 1538-4357},
	url = {http://stacks.iop.org/0004-637X/791/i=1/a=61?key=crossref.0b58e2b3a2fab585598281ea4119c791},
	doi = {10.1088/0004-637X/791/1/61},
	number = {1},
	urldate = {2016-08-02},
	journal = {The Astrophysical Journal},
	author = {Freij, N. and Scullion, E. M. and Nelson, C. J. and Mumford, S. and Wedemeyer, S. and Erd{\'e}lyi, R.},
	month = jul,
	year = {2014},
	pages = {61},
	file = {friej_2014.pdf:/home/drew/Documents/research/friej_2014.pdf:application/pdf}
}

@article{leroy_derivation_1985,
	title = {On the derivation of the energy flux of linear magnetohydrodynamic waves},
	volume = {32},
	issn = {0309-1929, 1029-0419},
	url = {http://www.tandfonline.com/doi/abs/10.1080/03091928508208781},
	doi = {10.1080/03091928508208781},
	language = {en},
	number = {2},
	urldate = {2016-11-02},
	journal = {Geophysical \& Astrophysical Fluid Dynamics},
	author = {Leroy, Bernard},
	month = may,
	year = {1985},
	pages = {123--133}
}

@article{spruit_solar_1990,
	title = {Solar {Convection}},
	volume = {28},
	issn = {0066-4146, 1545-4282},
	url = {http://www.annualreviews.org/doi/10.1146/annurev.aa.28.090190.001403},
	doi = {10.1146/annurev.aa.28.090190.001403},
	language = {en},
	number = {1},
	urldate = {2017-04-05},
	journal = {Annual Review of Astronomy and Astrophysics},
	author = {Spruit, H. C. and Nordlund, A. and Title, A. M.},
	month = sep,
	year = {1990},
	pages = {263--303},
	file = {spruit_1990.pdf:/home/drew/Documents/research/spruit_1990.pdf:application/pdf}
}

@article{vecchio_solar_2007,
	title = {Solar atmospheric oscillations and the chromospheric magnetic topology},
	volume = {461},
	issn = {0004-6361, 1432-0746},
	url = {http://www.aanda.org/10.1051/0004-6361:20066415},
	doi = {10.1051/0004-6361:20066415},
	number = {1},
	urldate = {2016-08-02},
	journal = {Astronomy and Astrophysics},
	author = {Vecchio, A. and Cauzzi, G. and Reardon, K. P. and Janssen, K. and Rimmele, T.},
	month = jan,
	year = {2007},
	pages = {L1--L4},
	file = {vecchio_2007.pdf:/home/drew/Documents/research/vecchio_2007.pdf:application/pdf}
}

@article{mumford_generation_2015,
	title = {{GENERATION} {OF} {MAGNETOHYDRODYNAMIC} {WAVES} {IN} {LOW} {SOLAR} {ATMOSPHERIC} {FLUX} {TUBES} {BY} {PHOTOSPHERIC} {MOTIONS}},
	volume = {799},
	issn = {1538-4357},
	url = {http://stacks.iop.org/0004-637X/799/i=1/a=6?key=crossref.ecbb9b6a63b487039314ca8a025f8506},
	doi = {10.1088/0004-637X/799/1/6},
	number = {1},
	urldate = {2016-07-18},
	journal = {The Astrophysical Journal},
	author = {Mumford, S. J. and Fedun, V. and Erd{\'e}lyi, R.},
	month = jan,
	year = {2015},
	pages = {6},
	file = {Mumford_Fedun_Erdelyi_ApJ_2015.pdf:/home/drew/.zotero/zotero/fivi4oth.default/zotero/storage/7RFV6C9T/Mumford_Fedun_Erdelyi_ApJ_2015.pdf:application/pdf}
}

@article{sanchez_almeida_bright_2004,
	title = {Bright {Points} in the {Internetwork} {Quiet} {Sun}},
	volume = {609},
	issn = {0004-637X, 1538-4357},
	url = {http://stacks.iop.org/1538-4357/609/i=2/a=L91},
	doi = {10.1086/422752},
	language = {en},
	number = {2},
	urldate = {2016-08-01},
	journal = {The Astrophysical Journal},
	author = {S{\'a}nchez Almeida, J. and M{\'a}rquez, I. and Bonet, J. A. and Dom{\'i}nguez Cerde{\~n}a, I. and Muller, R.},
	month = jul,
	year = {2004},
	pages = {L91--L94},
	file = {18440.web.pdf:/home/drew/Documents/research/18440.web.pdf:application/pdf}
}

@article{deinzer_magneto-hydrostatic_1965,
	title = {On the {Magneto}-{Hydrostatic} {Theory} of {Sunspots}.},
	volume = {141},
	issn = {0004-637X, 1538-4357},
	url = {http://adsabs.harvard.edu/doi/10.1086/148144},
	doi = {10.1086/148144},
	language = {en},
	urldate = {2016-10-06},
	journal = {The Astrophysical Journal},
	author = {Deinzer, Willi},
	month = feb,
	year = {1965},
	pages = {548},
	file = {deinzer1965.pdf:/home/drew/.zotero/zotero/fivi4oth.default/zotero/storage/8PVBMGPZ/deinzer1965.pdf:application/pdf}
}

@article{de_moortel_transverse_2016,
	title = {Transverse, propagating velocity perturbations in solar coronal loops},
	volume = {58},
	issn = {0741-3335, 1361-6587},
	url = {http://stacks.iop.org/0741-3335/58/i=1/a=014001?key=crossref.4939042f48f747cc9ce5a260a8edbd67},
	doi = {10.1088/0741-3335/58/1/014001},
	number = {1},
	urldate = {2016-09-02},
	journal = {Plasma Physics and Controlled Fusion},
	author = {De Moortel, I and Pascoe, D J and Wright, A N and Hood, A W},
	month = jan,
	year = {2016},
	pages = {014001},
	file = {de_moortel_2016.pdf:/home/drew/.zotero/zotero/fivi4oth.default/zotero/storage/PH3IQAS8/de_moortel_2016.pdf:application/pdf}
}

@article{wang_standing_2011,
	title = {Standing {Slow}-{Mode} {Waves} in {Hot} {Coronal} {Loops}: {Observations}, {Modeling}, and {Coronal} {Seismology}},
	volume = {158},
	issn = {0038-6308, 1572-9672},
	shorttitle = {Standing {Slow}-{Mode} {Waves} in {Hot} {Coronal} {Loops}},
	url = {http://link.springer.com/10.1007/s11214-010-9716-1},
	doi = {10.1007/s11214-010-9716-1},
	language = {en},
	number = {2-4},
	urldate = {2016-09-02},
	journal = {Space Science Reviews},
	author = {Wang, Tongjiang},
	month = jul,
	year = {2011},
	pages = {397--419},
	file = {wang_2011.pdf:/home/drew/.zotero/zotero/fivi4oth.default/zotero/storage/RSG6GT39/wang_2011.pdf:application/pdf}
}

@article{onishchenko_large-scale_2015,
	title = {Large-scale {Alfv{\'e}n} vortices},
	volume = {22},
	issn = {1070-664X, 1089-7674},
	url = {http://scitation.aip.org/content/aip/journal/pop/22/12/10.1063/1.4936978},
	doi = {10.1063/1.4936978},
	language = {en},
	number = {12},
	urldate = {2016-07-18},
	journal = {Physics of Plasmas},
	author = {Onishchenko, O. G. and Pokhotelov, O. A. and Horton, W. and Scullion, E. and Fedun, V.},
	month = dec,
	year = {2015},
	pages = {122901},
	file = {O. Onishchenko_Pokhotelov_Horton_Scullion_Fedun_PoP_2015.pdf:/home/drew/.zotero/zotero/fivi4oth.default/zotero/storage/BA9GPHAK/O. Onishchenko_Pokhotelov_Horton_Scullion_Fedun_PoP_2015.pdf:application/pdf}
}

@article{turk_yt:_2011,
	title = {yt: {A} {MULTI}-{CODE} {ANALYSIS} {TOOLKIT} {FOR} {ASTROPHYSICAL} {SIMULATION} {DATA}},
	volume = {192},
	issn = {0067-0049, 1538-4365},
	shorttitle = {yt},
	url = {http://stacks.iop.org/0067-0049/192/i=1/a=9?key=crossref.ad58f4fc8c6272d93975507bf0238006},
	doi = {10.1088/0067-0049/192/1/9},
	number = {1},
	urldate = {2016-12-01},
	journal = {The Astrophysical Journal Supplement Series},
	author = {Turk, Matthew J. and Smith, Britton D. and Oishi, Jeffrey S. and Skory, Stephen and Skillman, Samuel W. and Abel, Tom and Norman, Michael L.},
	month = jan,
	year = {2011},
	pages = {9},
	file = {turk_2011.pdf:/home/drew/.zotero/zotero/fivi4oth.default/zotero/storage/3NJ3W9Q7/turk_2011.pdf:application/pdf}
}

@article{tsuneta_magnetic_2008,
	title = {The {Magnetic} {Landscape} of the {Sun}'s {Polar} {Region}},
	volume = {688},
	issn = {0004-637X, 1538-4357},
	url = {http://stacks.iop.org/0004-637X/688/i=2/a=1374},
	doi = {10.1086/592226},
	language = {en},
	number = {2},
	urldate = {2017-03-24},
	journal = {The Astrophysical Journal},
	author = {Tsuneta, S. and Ichimoto, K. and Katsukawa, Y. and Lites, B. W. and Matsuzaki, K. and Nagata, S. and Orozco Su{\'a}rez, D. and Shimizu, T. and Shimojo, M. and Shine, R. A. and Suematsu, Y. and Suzuki, T. K. and Tarbell, T. D. and Title, A. M.},
	month = dec,
	year = {2008},
	pages = {1374--1381},
	file = {Tsuneta_2008_ApJ_688_1374.pdf:/home/drew/Documents/research/Tsuneta_2008_ApJ_688_1374.pdf:application/pdf}
}

@article{caunt_3d_2001,
	title = {A 3D {MHD} model of astrophysical flows: {Algorithms}, tests and parallelisation},
	volume = {369},
	issn = {0004-6361, 1432-0756},
	shorttitle = {A 3D {MHD} model of astrophysical flows},
	url = {http://www.edpsciences.org/10.1051/0004-6361:20010157},
	doi = {10.1051/0004-6361:20010157},
	number = {2},
	urldate = {2016-07-18},
	journal = {Astronomy and Astrophysics},
	author = {Caunt, S. E. and Korpi, M. J.},
	month = apr,
	year = {2001},
	pages = {706--728},
	file = {Caunt & Korpi 2001.pdf:/home/drew/.zotero/zotero/fivi4oth.default/zotero/storage/7DR7SAGT/Caunt & Korpi 2001.pdf:application/pdf}
}

@article{gent_magnetohydrostatic_2013,
	title = {Magnetohydrostatic equilibrium - {I}. {Three}-dimensional open magnetic flux tube in the stratified solar atmosphere},
	volume = {435},
	issn = {0035-8711, 1365-2966},
	url = {http://mnras.oxfordjournals.org/cgi/doi/10.1093/mnras/stt1328},
	doi = {10.1093/mnras/stt1328},
	language = {en},
	number = {1},
	urldate = {2016-10-06},
	journal = {Monthly Notices of the Royal Astronomical Society},
	author = {Gent, F. A. and Fedun, V. and Mumford, S. J. and Erdelyi, R.},
	month = oct,
	year = {2013},
	pages = {689--697},
	file = {gent2013.pdf:/home/drew/.zotero/zotero/fivi4oth.default/zotero/storage/FM95E68U/gent2013.pdf:application/pdf}
}

@inproceedings{schluter_internal_1958,
	title = {The {Internal} {Constitution} of {Sunspots}},
	booktitle = {Electromagnetic {Phenomena} in {Cosmical} {Physics}},
	author = {Schl{\"u}ter, A and Temesv{\'a}ry, S},
	year = {1958},
	file = {shluter1958.pdf:/home/drew/.zotero/zotero/fivi4oth.default/zotero/storage/FGJVPRAU/shluter1958.pdf:application/pdf}
}

@article{felipe_magneto-acoustic_2010,
	title = {{MAGNETO}-{ACOUSTIC} {WAVES} {IN} {SUNSPOTS}: {FIRST} {RESULTS} {FROM} {A} {NEW} {THREE}-{DIMENSIONAL} {NONLINEAR} {MAGNETOHYDRODYNAMIC} {CODE}},
	volume = {719},
	issn = {0004-637X, 1538-4357},
	shorttitle = {{MAGNETO}-{ACOUSTIC} {WAVES} {IN} {SUNSPOTS}},
	url = {http://stacks.iop.org/0004-637X/719/i=1/a=357?key=crossref.af88de66a3d0eaa69620633c82dea8a2},
	doi = {10.1088/0004-637X/719/1/357},
	number = {1},
	urldate = {2016-09-07},
	journal = {The Astrophysical Journal},
	author = {Felipe, T. and Khomenko, E. and Collados, M.},
	month = aug,
	year = {2010},
	pages = {357--377},
	file = {felipe_2010.pdf:/home/drew/.zotero/zotero/fivi4oth.default/zotero/storage/M49R762S/felipe_2010.pdf:application/pdf}
}

@article{shelyag_magnetohydrodynamic_2008,
	title = {Magnetohydrodynamic code for gravitationally-stratified media},
	volume = {486},
	issn = {0004-6361, 1432-0746},
	url = {http://www.aanda.org/10.1051/0004-6361:200809800},
	doi = {10.1051/0004-6361:200809800},
	number = {2},
	urldate = {2016-07-18},
	journal = {Astronomy and Astrophysics},
	author = {Shelyag, S. and Fedun, V. and Erd{\'e}lyi, R.},
	month = aug,
	year = {2008},
	pages = {655--662},
	file = {Shelyag, Fedun & Erdelyi 2008.pdf:/home/drew/.zotero/zotero/fivi4oth.default/zotero/storage/3ZTX5GFI/Shelyag, Fedun & Erdelyi 2008.pdf:application/pdf}
}

@article{the_astropy_collaboration_astropy:_2013,
	title = {Astropy: {A} community {Python} package for astronomy},
	volume = {558},
	issn = {0004-6361, 1432-0746},
	shorttitle = {Astropy},
	url = {http://www.aanda.org/10.1051/0004-6361/201322068},
	doi = {10.1051/0004-6361/201322068},
	urldate = {2016-12-01},
	journal = {Astronomy \& Astrophysics},
	author = {{The Astropy Collaboration} and Robitaille, Thomas P. and Tollerud, Erik J. and Greenfield, Perry and Droettboom, Michael and Bray, Erik and Aldcroft, Tom and Davis, Matt and Ginsburg, Adam and Price-Whelan, Adrian M. and Kerzendorf, Wolfgang E. and Conley, Alexander and Crighton, Neil and Barbary, Kyle and Muna, Demitri and Ferguson, Henry and Grollier, Fr{\'e}d{\'e}ric and Parikh, Madhura M. and Nair, Prasanth H. and G{\"u}nther, Hans M. and Deil, Christoph and Woillez, Julien and Conseil, Simon and Kramer, Roban and Turner, James E. H. and Singer, Leo and Fox, Ryan and Weaver, Benjamin A. and Zabalza, Victor and Edwards, Zachary I. and Azalee Bostroem, K. and Burke, D. J. and Casey, Andrew R. and Crawford, Steven M. and Dencheva, Nadia and Ely, Justin and Jenness, Tim and Labrie, Kathleen and Lim, Pey Lian and Pierfederici, Francesco and Pontzen, Andrew and Ptak, Andy and Refsdal, Brian and Servillat, Mathieu and Streicher, Ole},
	month = oct,
	year = {2013},
	pages = {A33},
	file = {astropy_2013.pdf:/home/drew/.zotero/zotero/fivi4oth.default/zotero/storage/7CJIBJWV/astropy_2013.pdf:application/pdf}
}

@article{morton_observations_2011,
	title = {{OBSERVATIONS} {OF} {SAUSAGE} {MODES} {IN} {MAGNETIC} {PORES}},
	volume = {729},
	issn = {2041-8205, 2041-8213},
	url = {http://stacks.iop.org/2041-8205/729/i=2/a=L18?key=crossref.5731b3c264768ff20facab16d0808a69},
	doi = {10.1088/2041-8205/729/2/L18},
	number = {2},
	urldate = {2016-08-02},
	journal = {The Astrophysical Journal},
	author = {Morton, R. J. and Erd{\'e}lyi, R. and Jess, D. B. and Mathioudakis, M.},
	month = mar,
	year = {2011},
	pages = {L18},
	file = {morton_2011.pdf:/home/drew/Documents/research/morton_2011.pdf:application/pdf}
}

@article{van_der_walt_numpy_2011,
	title = {The {NumPy} {Array}: {A} {Structure} for {Efficient} {Numerical} {Computation}},
	volume = {13},
	issn = {1521-9615},
	shorttitle = {The {NumPy} {Array}},
	url = {http://ieeexplore.ieee.org/document/5725236/},
	doi = {10.1109/MCSE.2011.37},
	number = {2},
	urldate = {2016-12-01},
	journal = {Computing in Science \& Engineering},
	author = {van der Walt, St{\'e}fan and Colbert, S Chris and Varoquaux, Ga{\"e}l},
	month = mar,
	year = {2011},
	pages = {22--30},
	file = {venderwalt2011.pdf:/home/drew/.zotero/zotero/fivi4oth.default/zotero/storage/S8MPKDQX/venderwalt2011.pdf:application/pdf}
}

@article{fedun_numerical_2011,
	title = {{NUMERICAL} {MODELING} {OF} {FOOTPOINT}-{DRIVEN} {MAGNETO}-{ACOUSTIC} {WAVE} {PROPAGATION} {IN} {A} {LOCALIZED} {SOLAR} {FLUX} {TUBE}},
	volume = {727},
	issn = {0004-637X, 1538-4357},
	url = {http://stacks.iop.org/0004-637X/727/i=1/a=17?key=crossref.fb96235171a97025d2e44fd4f678ec0f},
	doi = {10.1088/0004-637X/727/1/17},
	number = {1},
	urldate = {2016-07-18},
	journal = {The Astrophysical Journal},
	author = {Fedun, V. and Shelyag, S. and Erd{\'e}lyi, R.},
	month = jan,
	year = {2011},
	pages = {17},
	file = {apj_727_1_17.pdf:/home/drew/.zotero/zotero/fivi4oth.default/zotero/storage/62ZQE25V/apj_727_1_17.pdf:application/pdf}
}

@article{ramachandran_mayavi:_2011,
	title = {Mayavi: 3D {Visualization} of {Scientific} {Data}},
	volume = {13},
	issn = {1521-9615},
	shorttitle = {Mayavi},
	url = {http://ieeexplore.ieee.org/document/5725237/},
	doi = {10.1109/MCSE.2011.35},
	number = {2},
	urldate = {2016-12-01},
	journal = {Computing in Science \& Engineering},
	author = {Ramachandran, Prabhu and Varoquaux, Gael},
	month = mar,
	year = {2011},
	pages = {40--51},
	file = {Ramachandran_2011.pdf:/home/drew/.zotero/zotero/fivi4oth.default/zotero/storage/F4N6MC67/Ramachandran_2011.pdf:application/pdf}
}

@article{wedemeyer-bohm_small-scale_2009,
	title = {Small-scale swirl events in the quiet {Sun} chromosphere},
	volume = {507},
	issn = {0004-6361, 1432-0746},
	url = {http://www.aanda.org/10.1051/0004-6361/200913380},
	doi = {10.1051/0004-6361/200913380},
	number = {1},
	urldate = {2016-09-02},
	journal = {Astronomy and Astrophysics},
	author = {Wedemeyer-B{\"o}hm, S. and Rouppe van der Voort, L.},
	month = nov,
	year = {2009},
	pages = {L9--L12},
	file = {wedemeyer-bohm_2009.pdf:/home/drew/.zotero/zotero/fivi4oth.default/zotero/storage/9M8KUKUS/wedemeyer-bohm_2009.pdf:application/pdf}
}

@article{mcintosh_alfvenic_2011,
	title = {Alfv{\'e}nic waves with sufficient energy to power the quiet solar corona and fast solar wind},
	volume = {475},
	issn = {0028-0836, 1476-4687},
	url = {http://www.nature.com/doifinder/10.1038/nature10235},
	doi = {10.1038/nature10235},
	number = {7357},
	urldate = {2016-08-02},
	journal = {Nature},
	author = {McIntosh, Scott W. and De Pontieu, Bart and Carlsson, Mats and Hansteen, Viggo and Boerner, Paul and Goossens, Marcel},
	month = jul,
	year = {2011},
	pages = {477--480},
	file = {mcintosh_2011.pdf:/home/drew/Documents/research/mcintosh_2011.pdf:application/pdf}
}

@article{scullion_response_2011,
	title = {{THE} {RESPONSE} {OF} {A} {THREE}-{DIMENSIONAL} {SOLAR} {ATMOSPHERE} {TO} {WAVE}-{DRIVEN} {JETS}},
	volume = {743},
	issn = {0004-637X, 1538-4357},
	url = {http://stacks.iop.org/0004-637X/743/i=1/a=14?key=crossref.e48e337e4cd1bb7186e3cb2e75457637},
	doi = {10.1088/0004-637X/743/1/14},
	number = {1},
	urldate = {2016-07-18},
	journal = {The Astrophysical Journal},
	author = {Scullion, E. and Erd{\'e}lyi, R. and Fedun, V. and Doyle, J. G.},
	month = dec,
	year = {2011},
	pages = {14}
}

@article{dorotovic_standing_2014,
	title = {Standing sausage waves in photospheric magnetic waveguides},
	volume = {563},
	issn = {0004-6361, 1432-0746},
	url = {http://www.aanda.org/10.1051/0004-6361/201220542},
	doi = {10.1051/0004-6361/201220542},
	urldate = {2016-08-02},
	journal = {Astronomy \& Astrophysics},
	author = {Dorotovi{\v c}, I. and Erd{\'e}lyi, R. and Freij, N. and Karlovsk{\'y}, V. and M{\'a}rquez, I.},
	month = mar,
	year = {2014},
	pages = {A12},
	file = {aa20542-12.pdf:/home/drew/Documents/research/aa20542-12.pdf:application/pdf}
}

@article{nakariakov_coronal_2005,
	title = {Coronal {Waves} and {Oscillations}},
	volume = {2},
	issn = {1614-4961},
	url = {http://www.livingreviews.org/lrsp-2005-3},
	doi = {10.12942/lrsp-2005-3},
	language = {en},
	urldate = {2016-09-02},
	journal = {Living Reviews in Solar Physics},
	author = {Nakariakov, Valery M. and Verwichte, Erwin},
	year = {2005},
	file = {Nakariakov, Verwichte - 2005 - Coronal waves and oscillations.pdf:/home/drew/.zotero/zotero/fivi4oth.default/zotero/storage/2NV8N43V/Nakariakov, Verwichte - 2005 - Coronal waves and oscillations.pdf:application/pdf}
}

@article{bogdan_observational_2006,
	title = {Observational aspects of sunspot oscillations},
	volume = {364},
	issn = {1364-503X, 1471-2962},
	url = {http://rsta.royalsocietypublishing.org/cgi/doi/10.1098/rsta.2005.1701},
	doi = {10.1098/rsta.2005.1701},
	language = {en},
	number = {1839},
	urldate = {2016-08-02},
	journal = {Philosophical Transactions of the Royal Society A: Mathematical, Physical and Engineering Sciences},
	author = {Bogdan, T.J and Judge, P.G},
	month = feb,
	year = {2006},
	pages = {313--331},
	file = {313.full.pdf:/home/drew/Documents/research/313.full.pdf:application/pdf}
}

@article{worathumrong_effect_1975,
	title = {The effect of o-salicylate upon pentose phosphate pathway activity in normal and {G}6PD-deficient red cells},
	volume = {30},
	issn = {0007-1048},
	abstract = {The effect of the major metabolite of aspirin, namely salicylic acid, upon the pentose phosphate pathway (PPP) of normal and G6PD-deficient red cells has been studied. Salicylic acid was shown to inhibit this pathway in proportion to the amount present. At any concentration of this substance there was greater inhibition of the PPP in G6PD-deficient than in normal red cells.},
	language = {ENG},
	number = {2},
	journal = {Br. J. Haematol.},
	author = {Worathumrong, N. and Grimes, A. J.},
	month = jun,
	year = {1975},
	pmid = {35},
	keywords = {Blood Glucose, Erythrocytes, Glucosephosphate Dehydrogenase Deficiency, Humans, Hydrogen-Ion Concentration, Methylene Blue, Pentosephosphates, Sodium Salicylate},
	pages = {225--231}
}

@misc{heyvaerts_coronal_1983,
	title = {Coronal heating by phase-mixed shear {Alfven} waves},
	language = {en},
	publisher = {Astronomy and Astrophysics, Vol. 117, p. 220-234},
	author = {Heyvaerts, J. and Priest, Eric},
	month = jan,
	year = {1983},
	file = {heyvearts_1983.pdf:/home/drew/.zotero/zotero/fivi4oth.default/zotero/storage/GWRGWNJT/heyvearts_1983.pdf:application/pdf}
}

@article{jess_alfven_2009,
	title = {Alfven {Waves} in the {Lower} {Solar} {Atmosphere}},
	volume = {323},
	issn = {0036-8075, 1095-9203},
	url = {http://www.sciencemag.org/cgi/doi/10.1126/science.1168680},
	doi = {10.1126/science.1168680},
	language = {en},
	number = {5921},
	urldate = {2016-08-02},
	journal = {Science},
	author = {Jess, D. B. and Mathioudakis, M. and Erdelyi, R. and Crockett, P. J. and Keenan, F. P. and Christian, D. J.},
	month = mar,
	year = {2009},
	pages = {1582--1585},
	file = {jess_2009.pdf:/home/drew/Documents/research/jess_2009.pdf:application/pdf}
}

@article{vigeesh_three-dimensional_2012,
	title = {{THREE}-{DIMENSIONAL} {SIMULATIONS} {OF} {MAGNETOHYDRODYNAMIC} {WAVES} {IN} {MAGNETIZED} {SOLAR} {ATMOSPHERE}},
	volume = {755},
	issn = {0004-637X, 1538-4357},
	url = {http://stacks.iop.org/0004-637X/755/i=1/a=18?key=crossref.cc84a929e37775f1bcfa1160e64eb66a},
	doi = {10.1088/0004-637X/755/1/18},
	number = {1},
	urldate = {2016-07-18},
	journal = {The Astrophysical Journal},
	author = {Vigeesh, G. and Fedun, V. and Hasan, S. S. and Erd{\'e}lyi, R.},
	month = aug,
	year = {2012},
	pages = {18},
	file = {vigeesh_2012.pdf:/home/drew/.zotero/zotero/fivi4oth.default/zotero/storage/BKSPGZER/vigeesh_2012.pdf:application/pdf}
}

@article{zaqarashvili_oscillations_2009,
	title = {Oscillations and {Waves} in {Solar} {Spicules}},
	volume = {149},
	issn = {0038-6308, 1572-9672},
	url = {http://link.springer.com/10.1007/s11214-009-9549-y},
	doi = {10.1007/s11214-009-9549-y},
	language = {en},
	number = {1-4},
	urldate = {2016-08-02},
	journal = {Space Science Reviews},
	author = {Zaqarashvili, T. V. and Erd{\'e}lyi, R.},
	month = dec,
	year = {2009},
	pages = {355--388},
	file = {zaqarashvili_2009.pdf:/home/drew/Documents/research/zaqarashvili_2009.pdf:application/pdf}
}

@article{spruit_propagation_1982,
	title = {Propagation speeds and acoustic damping of waves in magnetic flux tubes},
	volume = {75},
	issn = {0038-0938, 1573-093X},
	url = {http://link.springer.com/10.1007/BF00153456},
	doi = {10.1007/BF00153456},
	language = {en},
	number = {1-2},
	urldate = {2017-03-08},
	journal = {Solar Physics},
	author = {Spruit, H. C.},
	month = jan,
	year = {1982},
	pages = {3--17},
	file = {spruit_1982.pdf:/home/drew/Documents/research/spruit_1982.pdf:application/pdf}
}

@ARTICLE{Xia_2017,
   author = {{Xia}, C. and {Teunissen}, J. and {El Mellah}, I. and {Chane}, E. and 
	{Keppens}, R.},
    title = "{MPI-AMRVAC 2.0 for Solar and Astrophysical Applications}",
  journal = {ArXiv e-prints},
archivePrefix = "arXiv",
   eprint = {1710.06140},
 primaryClass = "astro-ph.SR",
 keywords = {Astrophysics - Solar and Stellar Astrophysics},
     year = 2017,
    month = oct,
   adsurl = {http://adsabs.harvard.edu/abs/2017arXiv171006140X},
  adsnote = {Provided by the SAO/NASA Astrophysics Data System}
}

@ARTICLE{Keppens_2012,
   author = {{Keppens}, R. and {Meliani}, Z. and {van Marle}, A.~J. and {Delmont}, P. and 
	{Vlasis}, A. and {van der Holst}, B.},
    title = "{Parallel, grid-adaptive approaches for relativistic hydro and magnetohydrodynamics}",
  journal = {Journal of Computational Physics},
     year = 2012,
    month = feb,
   volume = 231,
    pages = {718-744},
      doi = {10.1016/j.jcp.2011.01.020},
   adsurl = {http://adsabs.harvard.edu/abs/2012JCoPh.231..718K},
  adsnote = {Provided by the SAO/NASA Astrophysics Data System}
}

@ARTICLE{Porth_2014,
   author = {{Porth}, O. and {Xia}, C. and {Hendrix}, T. and {Moschou}, S.~P. and 
	{Keppens}, R.},
    title = "{MPI-AMRVAC for Solar and Astrophysics}",
  journal = {\apjs},
archivePrefix = "arXiv",
   eprint = {1407.2052},
 primaryClass = "astro-ph.IM",
 keywords = {hydrodynamics, magnetohydrodynamics: MHD, methods: numerical },
     year = 2014,
    month = sep,
   volume = 214,
      eid = {4},
    pages = {4},
      doi = {10.1088/0067-0049/214/1/4},
   adsurl = {http://adsabs.harvard.edu/abs/2014ApJS..214....4P},
  adsnote = {Provided by the SAO/NASA Astrophysics Data System}
}

@ARTICLE{Keppens_prom_2015,
   author = {{Keppens}, R. and {Xia}, C. and {Porth}, O.},
    title = "{Solar Prominences: ``Double, Double... Boil and Bubble''}",
  journal = {\apjl},
archivePrefix = "arXiv",
   eprint = {1505.05268},
 primaryClass = "astro-ph.SR",
 keywords = {magnetohydrodynamics: MHD, Sun: corona, Sun: filaments, prominences},
     year = 2015,
    month = jun,
   volume = 806,
      eid = {L13},
    pages = {L13},
      doi = {10.1088/2041-8205/806/1/L13},
   adsurl = {http://adsabs.harvard.edu/abs/2015ApJ...806L..13K},
  adsnote = {Provided by the SAO/NASA Astrophysics Data System}
}
@ARTICLE{Moschou_2015,
   author = {{Moschou}, S.~P. and {Keppens}, R. and {Xia}, C. and {Fang}, X.
	},
    title = "{Simulating coronal condensation dynamics in 3D}",
  journal = {Advances in Space Research},
archivePrefix = "arXiv",
   eprint = {1505.05333},
 primaryClass = "astro-ph.SR",
 keywords = {Coronal rain, Prominence, Condensation, Cooling, Instability, Waves},
     year = 2015,
    month = dec,
   volume = 56,
    pages = {2738-2759},
      doi = {10.1016/j.asr.2015.05.008},
   adsurl = {http://adsabs.harvard.edu/abs/2015AdSpR..56.2738M},
  adsnote = {Provided by the SAO/NASA Astrophysics Data System}
}
@ARTICLE{Dedner_2002,
   author = {{Dedner}, A. and {Kemm}, F. and {Kr{\"o}ner}, D. and {Munz}, C.-D. and 
	{Schnitzer}, T. and {Wesenberg}, M.},
    title = "{Hyperbolic Divergence Cleaning for the MHD Equations}",
  journal = {Journal of Computational Physics},
     year = 2002,
    month = jan,
   volume = 175,
    pages = {645-673},
      doi = {10.1006/jcph.2001.6961},
   adsurl = {http://adsabs.harvard.edu/abs/2002JCoPh.175..645D},
  adsnote = {Provided by the SAO/NASA Astrophysics Data System}
}

@ARTICLE{Toth_1996,
   author = {{T{\'o}th}, G. and {Odstr{\v c}il}, D.},
    title = "{Comparison of Some Flux Corrected Transport and Total Variation Diminishing Numerical Schemes for Hydrodynamic and Magnetohydrodynamic Problems}",
  journal = {Journal of Computational Physics},
     year = 1996,
    month = oct,
   volume = 128,
    pages = {82-100},
      doi = {10.1006/jcph.1996.0197},
   adsurl = {http://adsabs.harvard.edu/abs/1996JCoPh.128...82T},
  adsnote = {Provided by the SAO/NASA Astrophysics Data System}
}
%---------------------
@ARTICLE{Tsiropoula2012,
   author = {{Tsiropoula}, G. and {Tziotziou}, K. and {Kontogiannis}, I. and 
	{Madjarska}, M.~S. and {Doyle}, J.~G. and {Suematsu}, Y.},
    title = "{Solar Fine-Scale Structures. I. Spicules and Other Small-Scale, Jet-Like Events at the Chromospheric Level: Observations and Physical Parameters}",
  journal = {\ssr},
archivePrefix = "arXiv",
   eprint = {1207.3956},
 primaryClass = "astro-ph.SR",
 keywords = {Sun, Chromosphere, Spicules, Jet-like structures, Small-scale events, Physical parameters},
     year = 2012,
    month = sep,
   volume = 169,
    pages = {181-244},
      doi = {10.1007/s11214-012-9920-2},
   adsurl = {http://adsabs.harvard.edu/abs/2012SSRv..169..181T},
  adsnote = {Provided by the SAO/NASA Astrophysics Data System}
}
%---------------
@ARTICLE{Roberts1945ApJ,
       author = {{Roberts}, Walter Orr},
        title = "{A Preliminary Report on Chromospheric Spicules of Extremely Short Lifetime.}",
      journal = {\apj},
         year = 1945,
        month = mar,
       volume = {101},
        pages = {136},
          doi = {10.1086/144699},
       adsurl = {https://ui.adsabs.harvard.edu/abs/1945ApJ...101..136R},
      adsnote = {Provided by the SAO/NASA Astrophysics Data System}
}
@article{Martinez-Sykora2017,
author = {Mart{\'{i}}nez-Sykora, J and {De Pontieu}, B and Hansteen, V H and {Rouppe van der Voort}, L and Carlsson, M and Pereira, T M D},
doi = {10.1126/science.aah5412},
issn = {1095-9203},
journal = {Science (New York, N.Y.)},
month = {jun},
number = {6344},
pages = {1269--1272},
pmid = {28642434},
publisher = {American Association for the Advancement of Science},
title = {{On the generation of solar spicules and Alfv{\'{e}}nic waves.}},
url = {http://www.ncbi.nlm.nih.gov/pubmed/28642434},
volume = {356},
year = {2017}
}
%--------------------
@ARTICLE{Pereira2012,
       author = {{Pereira}, Tiago M.~D. and {De Pontieu}, Bart and {Carlsson}, Mats},
        title = "{Quantifying Spicules}",
      journal = {\apj},
     keywords = {Sun: atmosphere, Sun: chromosphere, Sun: transition region, Astrophysics - Solar and Stellar Astrophysics},
         year = 2012,
        month = nov,
       volume = {759},
       number = {1},
          eid = {18},
        pages = {18},
          doi = {10.1088/0004-637X/759/1/18},
archivePrefix = {arXiv},
       eprint = {1208.4404},
 primaryClass = {astro-ph.SR},
       adsurl = {https://ui.adsabs.harvard.edu/abs/2012ApJ...759...18P},
      adsnote = {Provided by the SAO/NASA Astrophysics Data System}
}
%-------------------
@article{hll_1983,
author = {Harten, Amiram. and Lax, Peter D and van. Leer, Bram},
doi = {10.1137/1025002},
journal = {SIAM Review},
number = {1},
pages = {35--61},
title = {{On Upstream Differencing and Godunov-Type Schemes for Hyperbolic Conservation Laws}},
url = {https://doi.org/10.1137/1025002},
volume = {25},
year = {1983}
}
@article{CADA20094118,
abstract = {We consider finite volume methods for the numerical solution of conservation laws. In order to achieve high-order accurate numerical approximation to non-linear smooth functions, we introduce a new class of limiter functions for the spatial reconstruction of hyperbolic equations. We therefore employ and generalize the idea of double-logarithmic reconstruction of Artebrant and Schroll [R. Artebrant, H.J. Schroll, Limiter-free third order logarithmic reconstruction, SIAM J. Sci. Comput. 28 (2006) 359-381]. The result is a class of efficient third-order schemes with a compact three-point stencil. The interface values between two neighboring cells are obtained by a single limiter function. The limiter belongs to a family of functions, which are based upon a non-polynomial and non-linear reconstruction function. The new methods handle discontinuities as well as local extrema within the standard semi-discrete TVD-MUSCL framework using only a local three-point stencil and an explicit TVD Runge–Kutta time-marching scheme. The shape-preserving properties of the reconstruction are significantly improved, resulting in sharp, accurate and symmetric shock capturing. Smearing, clipping and squaring effects of classical second-order limiters are completely avoided. Computational efficiency is enhanced due to large allowable Courant numbers (CFL≲1.6), as indicated by the von Neumann stability analysis. Numerical experiments for a variety of hyperbolic partial differential equations, such as Euler equations and ideal magneto-hydrodynamic equations, confirm a significant improvement of shock resolution, high accuracy for smooth functions and computational efficiency.},
author = {{\v{C}}ada, Miroslav and Torrilhon, Manuel},
doi = {https://doi.org/10.1016/j.jcp.2009.02.020},
issn = {0021-9991},
journal = {Journal of Computational Physics},
keywords = { Conservation laws, Finite volume methods, High-order accuracy, Non-linear and non-polynomial limiter, Shock capturing,Numerical methods},
number = {11},
pages = {4118--4145},
title = {{Compact third-order limiter functions for finite volume methods}},
url = {http://www.sciencedirect.com/science/article/pii/S0021999109000953},
volume = {228},
year = {2009}
}
@article{DEDNER2002645,
abstract = {In simulations of magnetohydrodynamic (MHD) processes the violation of the divergence constraint causes severe stability problems. In this paper we develop and test a new approach to the stabilization of numerical schemes. Our technique can be easily implemented in any existing code since there is no need to modify the solver for the MHD equations. It is based on a modified system in which the divergence constraint is coupled with the conservation laws by introducing a generalized Lagrange multiplier. We suggest a formulation in which the divergence errors are transported to the domain boundaries with the maximal admissible speed and are damped at the same time. This corrected system is hyperbolic and the density, momentum, magnetic induction, and total energy density are still conserved. In comparison to results obtained without correction or with the standard “divergence source terms,” our approach seems to yield more robust schemes with significantly smaller divergence errors.},
author = {Dedner, A and Kemm, F and Kr{\"{o}}ner, D and Munz, C.-D. and Schnitzer, T and Wesenberg, M},
doi = {https://doi.org/10.1006/jcph.2001.6961},
issn = {0021-9991},
journal = {Journal of Computational Physics},
number = {2},
pages = {645--673},
title = {{Hyperbolic Divergence Cleaning for the MHD Equations}},
url = {http://www.sciencedirect.com/science/article/pii/S002199910196961X},
volume = {175},
year = {2002}
}
@article{Chakrabarti1988,
author = {Chakrabarti, S. K.},
doi = {10.1093/mnras/235.1.33},
issn = {0035-8711},
journal = {Monthly Notices of the Royal Astronomical Society},
month = {nov},
number = {1},
pages = {33--49},
title = {{On the dynamics of fluid in the working surface of a supersonic jet}},
url = {https://academic.oup.com/mnras/article-lookup/doi/10.1093/mnras/235.1.33},
volume = {235},
year = {1988}
}
@ARTICLE{Norman1982,
       author = {{Norman}, M.~L. and {Winkler}, K. -H.~A. and {Smarr}, L. and
         {Smith}, M.~D.},
        title = "{Structure and dynamics of supersonic jets.}",
      journal = {\aap},
     keywords = {Gas Dynamics, Kelvin-Helmholtz Instability, Plasma Jets, Radio Galaxies, Supersonic Jet Flow, Beam Interactions, Galactic Structure, Internal Waves, Jet Boundaries, Numerical Flow Visualization, Oblique Shock Waves, Radio Emission, Taylor Instability, Vortex Sheets, Astrophysics},
         year = "1982",
        month = "Sep",
       volume = {113},
        pages = {285-302},
       adsurl = {https://ui.adsabs.harvard.edu/abs/1982A&A...113..285N},
      adsnote = {Provided by the SAO/NASA Astrophysics Data System}
}
@article{Edgington-Mitchell2014,
abstract = {High resolution planar particle image velocimetry is used to measure turbulent quantities in the region downstream of the Mach disk in an axisymmetric underexpanded jet issuing from a convergent nozzle. The internal annular shear layer generated by the slip line emanating from the triple point is shown to persist across multiple shock cells downstream. A triple decomposition based on Proper Orthogonal Decomposition shows that the external helical structure associated with the screech tone generated by the jet exerts a strong influence on velocity fluctuations in the initial region of the annular shear layer. This influence manifests as the external vortices producing oscillatory motion of the Mach disk, and thus a forcing of the internal annular shear layer. The internal shear layer is characterized by a number of azimuthal modes of varying wavenumber and type, including both helical and axisymmetric modes. Finally, the possibility of a previously hypothesized recirculation region behind the Mach disk is investigated, with no evidence found to support its existence.},
author = {Edgington-Mitchell, Daniel and Honnery, Damon R. and Soria, Julio},
doi = {10.1063/1.4894741},
file = {:home/fionnlagh/.local/share/data/Mendeley Ltd./Mendeley Desktop/Downloaded/Edgington-Mitchell, Honnery, Soria - 2014 - The underexpanded jet Mach disk and its associated shear layer.pdf:pdf},
issn = {10897666},
journal = {Physics of Fluids},
keywords = {Mach number,flow visualisation,jets,nozzles,shear turbulence,shock waves,slip flow,vortices},
month = {sep},
number = {9},
pages = {096101},
publisher = {American Institute of Physics Inc.},
title = {{The underexpanded jet Mach disk and its associated shear layer}},
url = {http://aip.scitation.org/doi/10.1063/1.4894741},
volume = {26},
year = {2014}
}
@article{Ono2014,
abstract = {Plasma jets have been used widely in various fields such as materials and aerospace engineering. The understanding of the shock structure is important to control a supersonic jet using a magnetic field. An experiment of axisymmetric argon plasma jet under strong magnetic field was carried out to detect the shock structure around the Mach disk precisely. A magnetic field was applied to the jet using a pair of identical superconducting coils. The jet images in a vacuum chamber were taken by a digital single-lens reflex camera with high spatial and color resolution through a viewing window. The distribution of light intensity from photographic data was converted to the radial intensity, relevant to plasma density, using Abel-inversion. The radial shock structure, that is not apparent on the ordinary photos, can be detected from the converted distributions. The software for the analysis was developed to detect the shock structure in the plasma jet. The method of shock detection was also detailed. The hidden shock characteristics such as triple point were found using the radial intensity obtained from the data with high color resolution. The shock lines upstream of the Mach disk under the magnetic field were indicated in detail. The reflected shock location could be determined. The intensity distribution downstream of the Mach disk was significantly changed by applying the magnetic field. The interaction between plasma density and magnetic field clearly occurs at higher density region downstream of the Mach disk.},
author = {Ono, Norifumi and Yamamoto, Masami and Koike, Kazuo},
doi = {10.1016/j.vacuum.2014.05.010},
issn = {0042207X},
journal = {Vacuum},
keywords = {Abel-inversion,Image analysis,Mach disk,Magnetic field,Plasma jet},
month = {dec},
pages = {149--153},
publisher = {Elsevier Ltd},
title = {{Detection of shock structure around Mach disk in axisymmetric plasma jet}},
volume = {110},
year = {2014}
}
@inproceedings{DeGouveiaDalPino2005,
abstract = {Highly collimated supersonic jets and less collimated outflows are observed to emerge from a wide variety of astrophysical objects. They are seen in young stellar objects (YSOs), proto-planetary nebulae, compact objects (like galactic black holes or microquasars, and X-ray binary stars), and in the nuclei of active galaxies (AGNs). Despite their different physical scales (in size, velocity, and amount of energy transported), they have strong morphological similarities. What physics do they share? These systems are either hydrodynamic or magnetohydrodynamic (MHD) in nature and are, as such, governed by non-linear equations. While theoretical models helped us to understand the basic physics of these objects, numerical simulations have been allowing us to go beyond the one-dimensional, steady-state approach extracting vital information. In this lecture, the formation, structure, and evolution of the jets are reviewed with the help of observational information, MHD and purely hydrodynamical modeling, and numerical simulations. Possible applications of the models particularly to YSOs and AGN jets are addressed. {\textcopyright} 2005 COSPAR. Published by Elsevier Ltd. All rights reserved.},
author = {{De Gouveia Dal Pino}, Elisabete M.},
booktitle = {Advances in Space Research},
doi = {10.1016/j.asr.2005.03.145},
issn = {02731177},
keywords = {Accretion disks,Active galactic nuclei,Astrophysical jets,Astrophysics,Black holes,Microquasars,Young stellar objects},
month = {jan},
number = {5},
pages = {908--924},
publisher = {Elsevier Ltd},
title = {{Astrophysical jets and outflows}},
volume = {35},
year = {2005}
}
@article{Birkinshaw1996,
abstract = {The observed properties of astrophysical jets are reviewed, and the techniques used to estimate the parameters of the underlying beams are described. This information is then used in a theoretical treatment of the Kelvin-Helmholtz instability of the flows, and the relevance of this instability to the persistence of the observed structures is emphasised.},
author = {Birkinshaw, M.},
doi = {10.1007/BF00645111},
file = {:home/fionnlagh/.local/share/data/Mendeley Ltd./Mendeley Desktop/Downloaded/Birkinshaw - 1996 - Instabilities in Astrophysical Jets.pdf:pdf},
issn = {0004640X},
journal = {Astrophysics and Space Science},
keywords = {Beams,Jets,Magnetohydrodynainics,Radio galaxies},
number = {1-2},
pages = {17--91},
publisher = {Springer Netherlands},
title = {{Instabilities in Astrophysical Jets}},
volume = {242},
year = {1996}
}
@article{Belan2011,
abstract = {Stars form in regions of the galaxy that are denser and cooler than the mean interstellar medium. These regions are called Giant Molecular Clouds. At the beginning of their life, up to 105-106 years, stars accrete matter from their rich surrounding environment and are origin of a peculiar phenomenon that is the jet emission. Jets from Young Stellar Objects (YSOs) are intensively studied by the astrophysical community by observations at different wavelengths, analytical and numerical modeling and laboratory experiments. Indications about the jet propagation and its resulting morphologies are here obtained by means of a combined study of hypersonic jets carried out both in the laboratory and by numerical simulations. {\textcopyright} 2011 Springer Science+Business Media B.V.},
author = {Belan, Marco and de Ponte, Sergio and Tordella, Daniela and Massaglia, Silvano and Mignone, Andrea and Bodenschatz, Eberhard and Ferrari, Attilio},
doi = {10.1007/s10509-011-0600-6},
file = {:home/fionnlagh/.local/share/data/Mendeley Ltd./Mendeley Desktop/Downloaded/Belan et al. - 2011 - Hydrodynamics of hypersonic jets Experiments and numerical simulations.pdf:pdf},
issn = {0004640X},
journal = {Astrophysics and Space Science},
keywords = {Hypersonic jets,Jet/ambient density ratio,Jets from Young Stellar Objects (YSOs),Mach number},
month = {nov},
number = {1},
pages = {9--14},
title = {{Hydrodynamics of hypersonic jets: Experiments and numerical simulations}},
volume = {336},
year = {2011}
}
@article{Bellan2009,
abstract = {This paper provides summaries of ten talks on astrophysical jets given at the HEDP/HEDLA-08 International Conference in St. Louis. The talks are topically divided into the areas of observation, numerical modeling, and laboratory experiment. One essential feature of jets, namely, their filamentary (i.e., collimated) nature, can be reproduced in both numerical models and laboratory experiments. Another essential feature of jets, their scalability, is evident from the large number of astrophysical situations where jets occur. This scalability is the reason why laboratory experiments simulating jets are possible and why the same theoretical models can be used for both observed astrophysical jets and laboratory simulations. {\textcopyright} 2009 American Institute of Physics.},
author = {Bellan, P. M. and Livio, M. and Kato, Y. and Lebedev, S. V. and Ray, T. P. and Ferrari, A. and Hartigan, P. and Frank, A. and Foster, J. M. and Nicola{\"{i}}, P.},
doi = {10.1063/1.3101812},
issn = {1070664X},
journal = {Physics of Plasmas},
number = {4},
title = {{Astrophysical jets: Observations, numerical simulations, and laboratory experiments}},
volume = {16},
year = {2009}
}
@article{Blandford2019,
abstract = {The nuclei of most normal galaxies contain supermassive black holes, which can accrete gas through a disk and become active. These active galactic nuclei (AGNs) can form jets that are observed on scales from astronomical units to megaparsecs and from meter wavelengths to TeV energies. High-resolution radio imaging and multiwavelength/messenger campaigns are elucidating the conditions under which this happens. Evidence is presented that: ▪ Relativistic AGN jets are formed when the black hole spins and the the accretion disk is strongly magnetized, perhaps on account of gas accreting at high latitude beyond the black hole sphere of influence. ▪ AGN jets are collimated close to the black hole by magnetic stress associated with a disk wind. ▪ Higher-power jets can emerge from their galactic nuclei in a relativistic, supersonic, and proton-dominated state, and they terminate in strong, hot spot shocks; lower-power jets are degraded to buoyant plumes and bubbles. ▪ Jets may accelerate protons to EeV energies, which contribute to the cosmic ray spectrum and may initiate pair cascades that can efficiently radiate synchrotron $\gamma$-rays. ▪ Jets were far more common when the Universe was a few billion years old and black holes and massive galaxies were growing rapidly. ▪ Jets can have a major influence on their environments, stimulating and limiting the growth of galaxies. The observational prospects for securing our understanding of AGN jets are bright.},
archivePrefix = {arXiv},
arxivId = {1812.06025},
author = {Blandford, Roger and Meier, David and Readhead, Anthony},
doi = {10.1146/annurev-astro-081817-051948},
eprint = {1812.06025},
issn = {0066-4146},
journal = {Annual Review of Astronomy and Astrophysics},
keywords = {Astrophysics,High Energy Astrophysical Phenomena},
month = {aug},
number = {1},
pages = {467--509},
publisher = {Annual Reviews},
title = {{Relativistic Jets from Active Galactic Nuclei}},
volume = {57},
year = {2019}
}
@article{Marti2016,
author = {Mart{\'{i}}, J. M. and Perucho, M. and G{\'{o}}mez, J. L.},
doi = {10.3847/0004-637X/831/2/163},
file = {:home/fionnlagh/.local/share/data/Mendeley Ltd./Mendeley Desktop/Downloaded/Mart{\'{i}}, Perucho, G{\'{o}}mez - 2016 - THE INTERNAL STRUCTURE OF OVERPRESSURED, MAGNETIZED, RELATIVISTIC JETS.pdf:pdf},
issn = {0004-637X},
journal = {The Astrophysical Journal},
month = {nov},
number = {2},
pages = {163},
publisher = {IOP Publishing},
title = {{THE INTERNAL STRUCTURE OF OVERPRESSURED, MAGNETIZED, RELATIVISTIC JETS}},
volume = {831},
year = {2016}
}
@article{Menon2010,
abstract = {An experimental and numerical study of underexpanded free sonic jet flows issuing from rectangular, elliptical and slot nozzles has been undertaken. Aspect ratios (AR) of 1, 2, and 4 are described at pressure ratios (exit plane pressure to ambient pressure), of 2 and 3. There is good qualitative agreement between the experimental observations and the numerical predictions. In the case of rectangular jets, a complex system of shock waves forming the incident shock system is identified. This shock wave system originates at the corners of the nozzle exits, and proceeds downstream. Mach reflections are found to occur on the incident shock wave surface as well as the presence of a Mach disk terminating the first jet cell. This Mach disk has the shape of a square, a hexagon, or an octagon depending on the nozzle shape. For slot and elliptical jets, the formation of the incident shock wave was not observed along the minor axis plane of the nozzle for AR {\textgreater} 2. The incident shock wave was observed to originate downstream of the nozzle exit in the major axis plane. This wave system undergoes a transition to Mach reflection as it propagates downstream of the nozzle exit. In all cases tested, the shape of the jet boundary is significantly distorted. In rectangular jets, the narrowing of the jet boundary along the diagonal axis of the nozzle exit is observed, and in the case of the elliptical and slot jets axis switching is noted. {\textcopyright} 2010 Springer-Verlag.},
author = {Menon, Nandkishore and Skews, Beric William},
doi = {10.1007/s00193-010-0257-z},
file = {:home/fionnlagh/.local/share/data/Mendeley Ltd./Mendeley Desktop/Downloaded/Menon, Skews - 2010 - Shock wave configurations and flow structures in non-axisymmetric underexpanded sonic jets.pdf:pdf},
issn = {09381287},
journal = {Shock Waves},
keywords = {Jets,Sonic jets,Underexpansion},
month = {may},
number = {3},
pages = {175--190},
publisher = {Springer},
title = {{Shock wave configurations and flow structures in non-axisymmetric underexpanded sonic jets}},
volume = {20},
year = {2010}
}
@article{Singh2019,
abstract = {},
archivePrefix = {arXiv},
arxivId = {1908.11560},
author = {Singh, Balveer and Sharma, Kushagra and Srivastava, Abhishek K.},
eprint = {1908.11560},
file = {:home/fionnlagh/Documents/Spicles/1908.11560.pdf:pdf},
mendeley-groups = {interesting papaers for jets},
month = {aug},
title = {{On modelling the kinematics and evolutionary properties of pressure pulse driven impulsive solar jets}},
url = {http://arxiv.org/abs/1908.11560},
year = {2019}
}
%------
@ARTICLE{Hollweg1982ApJ257345H,
       author = {{Hollweg}, J.~V.},
        title = "{On the origin of solar spicules}",
      journal = {\apj},
     keywords = {Chromosphere, Magnetic Flux, Shock Wave Propagation, Solar Magnetic Field, Spicules, Gravity Waves, Photosphere, Shock Heating, Solar Atmosphere, Sound Waves, Stellar Oscillations, Solar Physics},
         year = 1982,
        month = jun,
       volume = {257},
        pages = {345-353},
          doi = {10.1086/159993},
       adsurl = {https://ui.adsabs.harvard.edu/abs/1982ApJ...257..345H},
      adsnote = {Provided by the SAO/NASA Astrophysics Data System}
}


@ARTICLE{Suematsu1982SoPh7599S,
       author = {{Suematsu}, Y. and {Shibata}, K. and {Neshikawa}, T. and {Kitai}, R.},
        title = "{Numerical Hydrodynamics of the Jet Phenomena in the Solar Atmosphere - Part One - Spicules}",
      journal = {\solphys},
     keywords = {Hydrodynamic Equations, Magnetohydrodynamics, Solar Atmosphere, Solar Physics, Spicules, Adiabatic Conditions, Numerical Flow Visualization, Photosphere, Plasma Jets, Shock Wave Generators, Solar Corona, Solar Physics},
         year = 1982,
        month = jan,
       volume = {75},
       number = {1-2},
        pages = {99-118},
          doi = {10.1007/BF00153464},
       adsurl = {https://ui.adsabs.harvard.edu/abs/1982SoPh...75...99S},
      adsnote = {Provided by the SAO/NASA Astrophysics Data System}
}


@ARTICLE{Shibata1982,
       author = {{Shibata}, K. and {Nishikawa}, T. and {Kitai}, R. and {Suematsu}, Y.},
        title = "{Numerical Hydrodynamics of the Jet Phenomena in the Solar Atmosphere - Part Two - Surges}",
      journal = {\solphys},
     keywords = {Atmospheric Models, Magnetohydrodynamic Flow, Plasma Jets, Pressure Gradients, Shock Tubes, Solar Atmosphere, Density Distribution, Jet Flow, Shock Wave Propagation, Spatial Distribution, Surges, Wave Generation, Solar Physics},
         year = 1982,
        month = apr,
       volume = {77},
       number = {1-2},
        pages = {121-151},
          doi = {10.1007/BF00156100},
       adsurl = {https://ui.adsabs.harvard.edu/abs/1982SoPh...77..121S},
      adsnote = {Provided by the SAO/NASA Astrophysics Data System}
}

%----
@ARTICLE{De_Pontieu2007ApJ,
       abstract = {},
       author = {{De Pontieu}, B. and {Hansteen}, V.~H. and {Rouppe van der Voort}, L. and
         {van Noort}, M. and {Carlsson}, M.},
        title = "{High-Resolution Observations and Modeling of Dynamic Fibrils}",
      journal = {\apj},
     keywords = {Magnetic Fields, Sun: Chromosphere, Sun: Photosphere, Astrophysics},
         year = 2007,
        month = jan,
       volume = {655},
       number = {1},
        pages = {624-641},
          doi = {10.1086/509070},
archivePrefix = {arXiv},
       eprint = {astro-ph/0701786},
 primaryClass = {astro-ph},
       adsurl = {https://ui.adsabs.harvard.edu/abs/2007ApJ...655..624D},
      adsnote = {Provided by the SAO/NASA Astrophysics Data System}
}
%--------------
@ARTICLE{Tsiropoula1993A,
       author = {{Tsiropoula}, G. and {Alissandrakis}, C.~E. and {Schmieder}, B.},
        title = "{The fine structure of a chromospheric rosette}",
      journal = {\aap},
     keywords = {lines: profile, sun: chromosphere},
         year = 1993,
        month = apr,
       volume = {271},
        pages = {574},
       adsurl = {https://ui.adsabs.harvard.edu/abs/1993A&A...271..574T},
      adsnote = {Provided by the SAO/NASA Astrophysics Data System}
}
%------------
@ARTICLE{Rouppe2007ApJ660L169R,
       author = {{Rouppe van der Voort}, L.~H.~M. and {De Pontieu}, B. and
         {Hansteen}, V.~H. and {Carlsson}, M. and {van Noort}, M.},
        title = "{Magnetoacoustic Shocks as a Driver of Quiet-Sun Mottles}",
      journal = {\apjl},
     keywords = {Sun: Atmospheric Motions, Sun: Chromosphere, Sun: Magnetic Fields, Astrophysics},
         year = 2007,
        month = may,
       volume = {660},
       number = {2},
        pages = {L169-L172},
          doi = {10.1086/518246},
archivePrefix = {arXiv},
       eprint = {astro-ph/0703535},
 primaryClass = {astro-ph},
       adsurl = {https://ui.adsabs.harvard.edu/abs/2007ApJ...660L.169R},
      adsnote = {Provided by the SAO/NASA Astrophysics Data System}
}
%-------------
@ARTICLE{Bhavilai1965MNRAS130411B,
       author = {{Bhavilai}, Rawi},
        title = "{The structure of the solar chromosphere, I: Identification of spicules on the disk}",
      journal = {\mnras},
         year = 1965,
        month = jan,
       volume = {130},
        pages = {411},
          doi = {10.1093/mnras/130.6.411},
       adsurl = {https://ui.adsabs.harvard.edu/abs/1965MNRAS.130..411B},
      adsnote = {Provided by the SAO/NASA Astrophysics Data System}
}
%-----------------------
@ARTICLE{Christopoulou2001SoPh19961C,
       author = {{Christopoulou}, E.~B. and {Georgakilas}, A.~A. and {Koutchmy}, S.},
        title = "{Fine Structure of the Magnetic Chromosphere: Near-Limb Imaging, Data Processing and Analysis of Spicules and Mottles}",
      journal = {\solphys},
         year = 2001,
        month = mar,
       volume = {199},
       number = {1},
        pages = {61-80},
          doi = {10.1023/A:1010338927151},
       adsurl = {https://ui.adsabs.harvard.edu/abs/2001SoPh..199...61C},
      adsnote = {Provided by the SAO/NASA Astrophysics Data System}
}
@ARTICLE{Grossmann1973SoPh28319G,
       author = {{Grossmann-Doerth}, Ulrich and {von Uexk{\"u}ll}, Marina},
        title = "{Spectral Investigation of the Chromosphere. II. The Nature of the Mottles and a Model of the Overall Structure}",
      journal = {\solphys},
         year = 1973,
        month = feb,
       volume = {28},
       number = {2},
        pages = {319-332},
          doi = {10.1007/BF00152301},
       adsurl = {https://ui.adsabs.harvard.edu/abs/1973SoPh...28..319G},
      adsnote = {Provided by the SAO/NASA Astrophysics Data System}
}
%-------------
@ARTICLE{Grossmann1992AA264236G,
       author = {{Grossmann-Doerth}, U. and {Schmidt}, W.},
        title = "{Chromospheric fine structure revisited}",
      journal = {\aap},
     keywords = {Chromosphere, Solar Atmosphere, Solar Limb, Spicules, Stellar Structure, Doppler Effect, H Alpha Line, Velocity Distribution, Solar Physics},
         year = 1992,
        month = oct,
       volume = {264},
       number = {1},
        pages = {236-242},
       adsurl = {https://ui.adsabs.harvard.edu/abs/1992A&A...264..236G},
      adsnote = {Provided by the SAO/NASA Astrophysics Data System}
}
%---------
@ARTICLE{Banos1970SoPh12106B,
       author = {{Banos}, G.~J. and {Macris}, C.~J.},
        title = "{New Observational Results for the Solar Chromosphere}",
      journal = {\solphys},
         year = 1970,
        month = apr,
       volume = {12},
       number = {1},
        pages = {106-114},
          doi = {10.1007/BF02276571},
       adsurl = {https://ui.adsabs.harvard.edu/abs/1970SoPh...12..106B},
      adsnote = {Provided by the SAO/NASA Astrophysics Data System}
}
%----------------
@ARTICLE{Alissandrakis1971SoPh2047A,
       author = {{Alissandrakis}, C.~E. and {Macris}, C.~J.},
        title = "{A Study of the Fine Structure of the Solar Chromosphere at the Limb}",
      journal = {\solphys},
         year = 1971,
        month = oct,
       volume = {20},
       number = {1},
        pages = {47-56},
          doi = {10.1007/BF00146093},
       adsurl = {https://ui.adsabs.harvard.edu/abs/1971SoPh...20...47A},
      adsnote = {Provided by the SAO/NASA Astrophysics Data System}
}
%------------------
@ARTICLE{Beckers1963ApJ138648B,
       author = {{Beckers}, Jacques M.},
        title = "{Study of the Undisturbed Chromosphere from Ha-DISK Filtergrams, with Particular Reference to the Indentification of Spicules.}",
      journal = {\apj},
         year = 1963,
        month = oct,
       volume = {138},
        pages = {648},
          doi = {10.1086/147676},
       adsurl = {https://ui.adsabs.harvard.edu/abs/1963ApJ...138..648B},
      adsnote = {Provided by the SAO/NASA Astrophysics Data System}
}
%--------------------
@ARTICLE{Cragg1963ApJ138303C,
       author = {{Cragg}, T. and {Howard}, R. and {Zirin}, H.},
        title = "{Vertical Structures in the Chromosphere.}",
      journal = {\apj},
         year = 1963,
        month = jul,
       volume = {138},
        pages = {303},
          doi = {10.1086/147643},
       adsurl = {https://ui.adsabs.harvard.edu/abs/1963ApJ...138..303C},
      adsnote = {Provided by the SAO/NASA Astrophysics Data System}
}
%-------------------
@ARTICLE{Morton2012NatCo31315M,
       author = {{Morton}, Richard J. and {Verth}, Gary and {Jess}, David B. and
         {Kuridze}, David and {Ruderman}, Michael S. and
         {Mathioudakis}, Mihalis and {Erd{\'e}lyi}, Robertus},
        title = "{Observations of ubiquitous compressive waves in the Sun's chromosphere}",
      journal = {Nature Communications},
     keywords = {Astrophysics - Solar and Stellar Astrophysics},
         year = 2012,
        month = dec,
       volume = {3},
          eid = {1315},
        pages = {1315},
          doi = {10.1038/ncomms2324},
archivePrefix = {arXiv},
       eprint = {1306.4124},
 primaryClass = {astro-ph.SR},
       adsurl = {https://ui.adsabs.harvard.edu/abs/2012NatCo...3.1315M},
      adsnote = {Provided by the SAO/NASA Astrophysics Data System}
}
@ARTICLE{Gafeira2017ApJS2297G,
       author = {{Gafeira}, R. and {Jafarzadeh}, S. and {Solanki}, S.~K. and {Lagg}, A. and
         {van Noort}, M. and {Barthol}, P. and {Blanco Rodr{\'\i}guez}, J. and
         {del Toro Iniesta}, J.~C. and {Gandorfer}, A. and {Gizon}, L. and
         {Hirzberger}, J. and {Kn{\"o}lker}, M. and {Orozco Su{\'a}rez}, D. and
         {Riethm{\"u}ller}, T.~L. and {Schmidt}, W.},
        title = "{Oscillations on Width and Intensity of Slender Ca II H Fibrils from Sunrise/SuFI}",
      journal = {\apjs},
     keywords = {Sun: chromosphere, Sun: magnetic fields, Sun: oscillations, techniques: imaging spectroscopy, Astrophysics - Solar and Stellar Astrophysics},
         year = 2017,
        month = mar,
       volume = {229},
       number = {1},
          eid = {7},
        pages = {7},
          doi = {10.3847/1538-4365/229/1/7},
archivePrefix = {arXiv},
       eprint = {1701.02801},
 primaryClass = {astro-ph.SR},
       adsurl = {https://ui.adsabs.harvard.edu/abs/2017ApJS..229....7G},
      adsnote = {Provided by the SAO/NASA Astrophysics Data System}
}
%---------------
@INBOOK{Suematsu1990LNP367211S,
       author = {{Suematsu}, Yoshinori},
        title = "{Influence of Photospheric 5-Minute Oscillations on the Formation of Chromospheric Fine Structures}",
    booktitle = {Progress of Seismology of the Sun and Stars},
         year = 1990,
       editor = {{Osaki}, Yoji and {Shibahashi}, Hiromoto},
       volume = {367},
        pages = {211},
          doi = {10.1007/3-540-53091-6_83},
       adsurl = {https://ui.adsabs.harvard.edu/abs/1990LNP...367..211S},
      adsnote = {Provided by the SAO/NASA Astrophysics Data System}
}
%----------------------------
@ARTICLE{Heggland2007ApJ6661277H,
       author = {{Heggland}, L. and {De Pontieu}, B. and {Hansteen}, V.~H.},
        title = "{Numerical Simulations of Shock Wave-driven Chromospheric Jets}",
      journal = {\apj},
     keywords = {Magnetic Fields, Magnetohydrodynamics: MHD, Shock Waves, Sun: Chromosphere, Astrophysics},
         year = 2007,
        month = sep,
       volume = {666},
       number = {2},
        pages = {1277-1283},
          doi = {10.1086/518828},
archivePrefix = {arXiv},
       eprint = {astro-ph/0703498},
 primaryClass = {astro-ph},
       adsurl = {https://ui.adsabs.harvard.edu/abs/2007ApJ...666.1277H},
      adsnote = {Provided by the SAO/NASA Astrophysics Data System}
}
%-------------------------
@ARTICLE{Langangen2008ApJ6731194L,
       author = {{Langangen}, {\O}ystein and {Carlsson}, Mats and
         {Rouppe van der Voort}, Luc and {Hansteen}, Viggo and
         {De Pontieu}, Bart},
        title = "{Spectroscopic Measurements of Dynamic Fibrils in the Ca II {\ensuremath{\lambda}}8662 Line}",
      journal = {\apj},
     keywords = {Sun: atmospheric motions, Sun: chromosphere, techniques: spectroscopic, Astrophysics},
         year = 2008,
        month = feb,
       volume = {673},
       number = {2},
        pages = {1194-1200},
          doi = {10.1086/524377},
archivePrefix = {arXiv},
       eprint = {0710.0247},
 primaryClass = {astro-ph},
       adsurl = {https://ui.adsabs.harvard.edu/abs/2008ApJ...673.1194L},
      adsnote = {Provided by the SAO/NASA Astrophysics Data System}
}
%------------------
@INBOOK{Rimmele2000SPIE4007218R,
       author = {{Rimmele}, Thomas R.},
        title = "{Solar adaptive optics}",
    booktitle = {\procspie},
         year = 2000,
       editor = {{Wizinowich}, Peter L.},
       volume = {4007},
       series = {Society of Photo-Optical Instrumentation Engineers (SPIE) Conference Series},
        pages = {218-231},
          doi = {10.1117/12.390301},
       adsurl = {https://ui.adsabs.harvard.edu/abs/2000SPIE.4007..218R},
      adsnote = {Provided by the SAO/NASA Astrophysics Data System}
}
%--------------
@INBOOK{Scharmer2003SPIE4853370S,
       author = {{Scharmer}, Goran B. and {Dettori}, Peter M. and {Lofdahl}, Mats G. and
         {Shand}, Mark},
        title = "{Adaptive optics system for the new Swedish solar telescope}",
    booktitle = {\procspie},
         year = 2003,
       editor = {{Keil}, Stephen L. and {Avakyan}, Sergey V.},
       volume = {4853},
       series = {Society of Photo-Optical Instrumentation Engineers (SPIE) Conference Series},
        pages = {370-380},
          doi = {10.1117/12.460387},
       adsurl = {https://ui.adsabs.harvard.edu/abs/2003SPIE.4853..370S},
      adsnote = {Provided by the SAO/NASA Astrophysics Data System}
}
%-----------------
@ARTICLE{von1993AA268374V,
       author = {{von der Luehe}, O.},
        title = "{Speckle imaging of solar small scale structure. I - Methods}",
      journal = {\aap},
     keywords = {Image Resolution, Imaging Techniques, Solar Granulation, Speckle Interferometry, Atmospheric Optics, Image Processing, Telescopes, Solar Physics},
         year = 1993,
        month = feb,
       volume = {268},
       number = {1},
        pages = {374-390},
       adsurl = {https://ui.adsabs.harvard.edu/abs/1993A&A...268..374V},
      adsnote = {Provided by the SAO/NASA Astrophysics Data System}
}
%------------------
@ARTICLE{van2005SoPh228191V,
       author = {{van Noort}, Michiel and {Rouppe van der Voort}, Luc and
         {L{\"o}fdahl}, Mats G.},
        title = "{Solar Image Restoration By Use Of Multi-frame Blind De-convolution With Multiple Objects And Phase Diversity}",
      journal = {\solphys},
         year = 2005,
        month = may,
       volume = {228},
       number = {1-2},
        pages = {191-215},
          doi = {10.1007/s11207-005-5782-z},
       adsurl = {https://ui.adsabs.harvard.edu/abs/2005SoPh..228..191V},
      adsnote = {Provided by the SAO/NASA Astrophysics Data System}
}
%----------------
@ARTICLE{Foukal1971SoPh20298F,
       author = {{Foukal}, Peter},
        title = "{H{\ensuremath{\alpha}} Fine Structure and the Chromospheric Field}",
      journal = {\solphys},
         year = 1971,
        month = nov,
       volume = {20},
       number = {2},
        pages = {298-309},
          doi = {10.1007/BF00159759},
       adsurl = {https://ui.adsabs.harvard.edu/abs/1971SoPh...20..298F},
      adsnote = {Provided by the SAO/NASA Astrophysics Data System}
}
%--------------------
@ARTICLE{Foukal1971SoPh1959F,
       author = {{Foukal}, Peter},
        title = "{Morphological Relationships in the Chromospheric H{\ensuremath{\alpha}} Fine Structure}",
      journal = {\solphys},
         year = 1971,
        month = aug,
       volume = {19},
       number = {1},
        pages = {59-71},
          doi = {10.1007/BF00148824},
       adsurl = {https://ui.adsabs.harvard.edu/abs/1971SoPh...19...59F},
      adsnote = {Provided by the SAO/NASA Astrophysics Data System}
}
%---------------
@ARTICLE{Lippincott1957SCoA215L,
       author = {{Lippincott}, Sarah Lee},
        title = "{Chromospheric Spicules}",
      journal = {Smithsonian Contributions to Astrophysics},
         year = 1957,
        month = jan,
       volume = {2},
        pages = {15},
       adsurl = {https://ui.adsabs.harvard.edu/abs/1957SCoA....2...15L},
      adsnote = {Provided by the SAO/NASA Astrophysics Data System}
}
%--------
@ARTICLE{Rush1954AuJPh7230R,
       author = {{Rush}, J.~H. and {Roberts}, W.~O.},
        title = "{Recent Studies of Chromospheric Spicules}",
      journal = {Australian Journal of Physics},
         year = 1954,
        month = jun,
       volume = {7},
        pages = {230},
          doi = {10.1071/PH540230},
       adsurl = {https://ui.adsabs.harvard.edu/abs/1954AuJPh...7..230R},
      adsnote = {Provided by the SAO/NASA Astrophysics Data System}
}
%------------
@ARTICLE{Cook1984AdSpR459C,
       author = {{Cook}, J.~W. and {Brueckner}, G.~E. and {Bartoe}, J. -D.~F. and
         {Socker}, D.~G.},
        title = "{HRTS observations of spicular emission at transition region temperatures above the solar limb}",
      journal = {Advances in Space Research},
     keywords = {Coronal Holes, Rocket-Borne Instruments, Solar Limb, Solar Spectra, Solar Temperature, Spicules, Ultraviolet Spectra, Emission Spectra, H Alpha Line, Solar Rotation, Spectroheliographs, Solar Physics},
         year = 1984,
        month = jan,
       volume = {4},
       number = {8},
        pages = {59-62},
          doi = {10.1016/0273-1177(84)90366-1},
       adsurl = {https://ui.adsabs.harvard.edu/abs/1984AdSpR...4...59C},
      adsnote = {Provided by the SAO/NASA Astrophysics Data System}
}
%-----------
@ARTICLE{Georgakilas1999AA341610G,
       author = {{Georgakilas}, A.~A. and {Koutchmy}, S. and {Alissandrakis}, C.~E.},
        title = "{Polar surges and macrospicules: simultaneous H{\ensuremath{\alpha}} and He BT II 304 Angstroms observations}",
      journal = {\aap},
     keywords = {SUN: CHROMOSPHERE, SUN: TRANSITION REGION, SUN: UV RADIATION},
         year = 1999,
        month = jan,
       volume = {341},
        pages = {610-616},
       adsurl = {https://ui.adsabs.harvard.edu/abs/1999A&A...341..610G},
      adsnote = {Provided by the SAO/NASA Astrophysics Data System}
}
%-------------------
@ARTICLE{Pasachoff2009SoPh26059P,
       author = {{Pasachoff}, Jay M. and {Jacobson}, William A. and
         {Sterling}, Alphonse C.},
        title = "{Limb Spicules from the Ground and from Space}",
      journal = {\solphys},
     keywords = {TRACE, Swedish 1-m solar telescope, Hinode, Sun: spicules, Sun: chromosphere, Solar dynamics observatory, Astrophysics - Solar and Stellar Astrophysics},
         year = 2009,
        month = nov,
       volume = {260},
       number = {1},
        pages = {59-82},
          doi = {10.1007/s11207-009-9430-x},
archivePrefix = {arXiv},
       eprint = {0909.0027},
 primaryClass = {astro-ph.SR},
       adsurl = {https://ui.adsabs.harvard.edu/abs/2009SoPh..260...59P},
      adsnote = {Provided by the SAO/NASA Astrophysics Data System}
}
%-------------
@ARTICLE{Dunn1960Obs8031D,
       author = {{Dunn}, R.~B. and {Jefferies}, J.~T. and {Orrall}, F.~Q.},
        title = "{The line and continuous emission observed in two limb flares}",
      journal = {The Observatory},
         year = 1960,
        month = feb,
       volume = {80},
        pages = {31-33},
       adsurl = {https://ui.adsabs.harvard.edu/abs/1960Obs....80...31D},
      adsnote = {Provided by the SAO/NASA Astrophysics Data System}
}
%-------------------
@ARTICLE{Lynch1973SoPh3063L,
       author = {{Lynch}, D.~K. and {Beckers}, J.~M. and {Dunn}, R.~B.},
        title = "{A Morphological Study of Solar Spicules}",
      journal = {\solphys},
         year = 1973,
        month = may,
       volume = {30},
       number = {1},
        pages = {63-70},
          doi = {10.1007/BF00156173},
       adsurl = {https://ui.adsabs.harvard.edu/abs/1973SoPh...30...63L},
      adsnote = {Provided by the SAO/NASA Astrophysics Data System}
}
%-------------
@ARTICLE{Tavabi2011NewA16296T,
       author = {{Tavabi}, E. and {Koutchmy}, S. and {Ajabshirizadeh}, A.},
        title = "{A statistical analysis of the SOT-Hinode observations of solar spicules and their wave-like behavior}",
      journal = {New Astronomy},
     keywords = {Astrophysics - Solar and Stellar Astrophysics},
         year = 2011,
        month = jul,
       volume = {16},
       number = {4},
        pages = {296-305},
          doi = {10.1016/j.newast.2010.11.005},
archivePrefix = {arXiv},
       eprint = {1004.1692},
 primaryClass = {astro-ph.SR},
       adsurl = {https://ui.adsabs.harvard.edu/abs/2011NewA...16..296T},
      adsnote = {Provided by the SAO/NASA Astrophysics Data System}
}
%--------------
@ARTICLE{Trujillo2005ApJ619L191T,
       author = {{Trujillo Bueno}, J. and {Merenda}, L. and {Centeno}, R. and
         {Collados}, M. and {Landi Degl'Innocenti}, E.},
        title = "{The Hanle and Zeeman Effects in Solar Spicules: A Novel Diagnostic Window on Chromospheric Magnetism}",
      journal = {\apjl},
     keywords = {Magnetic Fields, Polarization, Radiative Transfer, Scattering, Stars: Magnetic Fields, Sun: Chromosphere, Astrophysics},
         year = 2005,
        month = feb,
       volume = {619},
       number = {2},
        pages = {L191-L194},
          doi = {10.1086/428124},
archivePrefix = {arXiv},
       eprint = {astro-ph/0501533},
 primaryClass = {astro-ph},
       adsurl = {https://ui.adsabs.harvard.edu/abs/2005ApJ...619L.191T},
      adsnote = {Provided by the SAO/NASA Astrophysics Data System}
}
%-------------------
@ARTICLE{Pneuman1977AA55305P,
       author = {{Pneuman}, G.~W. and {Kopp}, R.~A.},
        title = "{Downflow of Spicular Material and Transition Region Models}",
      journal = {\aap},
         year = 1977,
        month = mar,
       volume = {55},
        pages = {305},
       adsurl = {https://ui.adsabs.harvard.edu/abs/1977A&A....55..305P},
      adsnote = {Provided by the SAO/NASA Astrophysics Data System}
}
%----------------------------
@ARTICLE{Pneuman1978SoPh5749P,
       author = {{Pneuman}, G.~W. and {Kopp}, R.~A.},
        title = "{Downflow in the supergranulation network and its implications for transition region models.}",
      journal = {\solphys},
     keywords = {Atmospheric Models, Solar Atmosphere, Solar Granulation, Spicules, Astronomical Models, Chromosphere, Solar Corona, Solar Wind, Solar Physics, Solar Granulation:Solar Spicules, Sun: Transition Regions},
         year = 1978,
        month = mar,
       volume = {57},
       number = {1},
        pages = {49-64},
          doi = {10.1007/BF00152043},
       adsurl = {https://ui.adsabs.harvard.edu/abs/1978SoPh...57...49P},
      adsnote = {Provided by the SAO/NASA Astrophysics Data System}
}
%----------------
@ARTICLE{Pereira2016ApJ82465P,
       author = {{Pereira}, Tiago M.~D. and {Rouppe van der Voort}, Luc and
         {Carlsson}, Mats},
        title = "{The Appearance of Spicules in High Resolution Observations of Ca II H and H{\ensuremath{\alpha}}}",
      journal = {\apj},
     keywords = {Sun: atmosphere, Sun: chromosphere, Astrophysics - Solar and Stellar Astrophysics},
         year = 2016,
        month = jun,
       volume = {824},
       number = {2},
          eid = {65},
        pages = {65},
          doi = {10.3847/0004-637X/824/2/65},
archivePrefix = {arXiv},
       eprint = {1604.03116},
 primaryClass = {astro-ph.SR},
       adsurl = {https://ui.adsabs.harvard.edu/abs/2016ApJ...824...65P},
      adsnote = {Provided by the SAO/NASA Astrophysics Data System}
}
%--------------
@INBOOK{Rutten2006ASPC354276R,
       author = {{Rutten}, R.~J.},
        title = "{On the Nature of the Solar Chromosphere}",
     keywords = {Astrophysics},
    booktitle = {Solar MHD Theory and Observations: A High Spatial Resolution Perspective},
         year = 2006,
       editor = {{Leibacher}, John and {Stein}, Robert F. and {Uitenbroek}, Han},
       volume = {354},
       series = {Astronomical Society of the Pacific Conference Series},
        pages = {276},
       adsurl = {https://ui.adsabs.harvard.edu/abs/2006ASPC..354..276R},
      adsnote = {Provided by the SAO/NASA Astrophysics Data System}
}
%----------------
@INBOOK{Rutten2007ASPC36827R,
       author = {{Rutten}, R.~J.},
        title = "{Observing the Solar Chromosphere}",
     keywords = {Astrophysics},
    booktitle = {The Physics of Chromospheric Plasmas},
         year = 2007,
       editor = {{Heinzel}, P. and {Dorotovi{\v{c}}}, I. and {Rutten}, R.~J.},
       volume = {368},
       series = {Astronomical Society of the Pacific Conference Series},
        pages = {27},
       adsurl = {https://ui.adsabs.harvard.edu/abs/2007ASPC..368...27R},
      adsnote = {Provided by the SAO/NASA Astrophysics Data System}
}
%--------------------
@ARTICLE{Kuridze2015ApJ80226K,
       author = {{Kuridze}, D. and {Henriques}, V. and {Mathioudakis}, M. and
         {Erd{\'e}lyi}, R. and {Zaqarashvili}, T.~V. and {Shelyag}, S. and
         {Keys}, P.~H. and {Keenan}, F.~P.},
        title = "{The Dynamics of Rapid Redshifted and Blueshifted Excursions in the Solar H{\ensuremath{\alpha}} Line}",
      journal = {\apj},
     keywords = {magnetohydrodynamics: MHD, Sun: atmosphere, Sun: chromosphere, Sun: magnetic fields, Sun: oscillations, waves, Astrophysics - Solar and Stellar Astrophysics},
         year = 2015,
        month = mar,
       volume = {802},
       number = {1},
          eid = {26},
        pages = {26},
          doi = {10.1088/0004-637X/802/1/26},
archivePrefix = {arXiv},
       eprint = {1501.06205},
 primaryClass = {astro-ph.SR},
       adsurl = {https://ui.adsabs.harvard.edu/abs/2015ApJ...802...26K},
      adsnote = {Provided by the SAO/NASA Astrophysics Data System}
}
%---------------
@ARTICLE{Sekse2013ApJ764164S,
       author = {{Sekse}, D.~H. and {Rouppe van der Voort}, L. and {De Pontieu}, B.},
        title = "{On the Temporal Evolution of the Disk Counterpart of Type II Spicules in the Quiet Sun}",
      journal = {\apj},
     keywords = {Sun: chromosphere, Sun: corona, Astrophysics - Solar and Stellar Astrophysics},
         year = 2013,
        month = feb,
       volume = {764},
       number = {2},
          eid = {164},
        pages = {164},
          doi = {10.1088/0004-637X/764/2/164},
archivePrefix = {arXiv},
       eprint = {1212.4988},
 primaryClass = {astro-ph.SR},
       adsurl = {https://ui.adsabs.harvard.edu/abs/2013ApJ...764..164S},
      adsnote = {Provided by the SAO/NASA Astrophysics Data System}
}
%-----------------------
@ARTICLE{Sekse2013ApJ76944S,
       author = {{Sekse}, D.~H. and {Rouppe van der Voort}, L. and {De Pontieu}, B. and
         {Scullion}, E.},
        title = "{Interplay of Three Kinds of Motion in the Disk Counterpart of Type II Spicules: Upflow, Transversal, and Torsional Motions}",
      journal = {\apj},
     keywords = {Sun: atmosphere, Sun: chromosphere, Sun: corona, Astrophysics - Solar and Stellar Astrophysics},
         year = 2013,
        month = may,
       volume = {769},
       number = {1},
          eid = {44},
        pages = {44},
          doi = {10.1088/0004-637X/769/1/44},
archivePrefix = {arXiv},
       eprint = {1304.2304},
 primaryClass = {astro-ph.SR},
       adsurl = {https://ui.adsabs.harvard.edu/abs/2013ApJ...769...44S},
      adsnote = {Provided by the SAO/NASA Astrophysics Data System}
}
%---------------------
@ARTICLE{Bohlin1975ApJ197L133B,
       author = {{Bohlin}, J.~D. and {Vogel}, S.~N. and {Purcell}, J.~D. and
         {Sheeley}, N.~R., Jr. and {Tousey}, R. and {Vanhoosier}, M.~E.},
        title = "{A newly observed solar feature: macrospicules in He II 304 {\r{A}}.}",
      journal = {\apjl},
     keywords = {Far Ultraviolet Radiation, Helium Ions, Solar Spectra, Spicules, Ultraviolet Spectra, H Alpha Line, Skylab Program, Solar Limb, Solar Prominences, Spectroheliographs, Solar Physics},
         year = 1975,
        month = may,
       volume = {197},
        pages = {L133-L135},
          doi = {10.1086/181794},
       adsurl = {https://ui.adsabs.harvard.edu/abs/1975ApJ...197L.133B},
      adsnote = {Provided by the SAO/NASA Astrophysics Data System}
}
%--------------------
@ARTICLE{Moe1975SoPh4065K,
       author = {{Kjeldseth Moe}, O. and {Engvold}, Olav Oddbjorn and
         {Beckers}, Jacques Maurice},
        title = "{A Comparison of Spicules in the H{\ensuremath{\alpha}} and He II (304 {\r{A}}) Lines}",
      journal = {\solphys},
     keywords = {H Alpha Line, Helium Ions, Lyman Spectra, Satellite Observation, Solar Spectra, Spicules, Balmer Series, Ground Stations, Line Spectra, Skylab Program, Solar Limb, Solar Physics},
         year = 1975,
        month = jan,
       volume = {40},
       number = {1},
        pages = {65-68},
          doi = {10.1007/BF00183152},
       adsurl = {https://ui.adsabs.harvard.edu/abs/1975SoPh...40...65K},
      adsnote = {Provided by the SAO/NASA Astrophysics Data System}
}
%------------
@ARTICLE{Labonte1979SoPh61283L,
       author = {{Labonte}, B.~J.},
        title = "{Activity in the quiet sun. I. Observations of macrospicules in Halpha and D$_{3}$.}",
      journal = {\solphys},
     keywords = {D Lines, H Alpha Line, Solar Physics, Spicules, Emission Spectra, Far Ultraviolet Radiation, Helium, Solar Limb, Solar Physics, H Alpha:Solar Spicules},
         year = 1979,
        month = mar,
       volume = {61},
       number = {2},
        pages = {283-296},
          doi = {10.1007/BF00150413},
       adsurl = {https://ui.adsabs.harvard.edu/abs/1979SoPh...61..283L},
      adsnote = {Provided by the SAO/NASA Astrophysics Data System}
}
%---------------
@ARTICLE{Pike1997SoPh175457P,
       author = {{Pike}, C.~D. and {Harrison}, R.~A.},
        title = "{EUV Observations of a Macrospicule: Evidence for Solar Wind Acceleration?}",
      journal = {\solphys},
         year = 1997,
        month = oct,
       volume = {175},
       number = {2},
        pages = {457-465},
          doi = {10.1023/A:1004987505422},
       adsurl = {https://ui.adsabs.harvard.edu/abs/1997SoPh..175..457P},
      adsnote = {Provided by the SAO/NASA Astrophysics Data System}
}
%-------------
@ARTICLE{Parenti2002AA384303P,
       author = {{Parenti}, S. and {Bromage}, B.~J.~I. and {Bromage}, G.~E.},
        title = "{An erupting macrospicule. Characteristics derived from SOHO-CDS spectroscopic observations}",
      journal = {\aap},
     keywords = {SUN: CORONA, SUN: ACTIVITY},
         year = 2002,
        month = mar,
       volume = {384},
        pages = {303-316},
          doi = {10.1051/0004-6361:20011819},
       adsurl = {https://ui.adsabs.harvard.edu/abs/2002A&A...384..303P},
      adsnote = {Provided by the SAO/NASA Astrophysics Data System}
}
%------
@ARTICLE{Loboda2019ApJ871230L,
       author = {{Loboda}, Ivan P. and {Bogachev}, Sergej A.},
        title = "{What is a Macrospicule?}",
      journal = {\apj},
     keywords = {Sun: activity, Sun: corona, Sun: transition region, Astrophysics - Solar and Stellar Astrophysics},
         year = 2019,
        month = feb,
       volume = {871},
       number = {2},
          eid = {230},
        pages = {230},
          doi = {10.3847/1538-4357/aafa7a},
archivePrefix = {arXiv},
       eprint = {1902.01380},
 primaryClass = {astro-ph.SR},
       adsurl = {https://ui.adsabs.harvard.edu/abs/2019ApJ...871..230L},
      adsnote = {Provided by the SAO/NASA Astrophysics Data System}
}
%-------------
@ARTICLE{Kiss2017ApJ83547K,
       author = {{Kiss}, T.~S. and {Gyenge}, N. and {Erd{\'e}lyi}, R.},
        title = "{Systematic Variations of Macrospicule Properties Observed by SDO/AIA over Half a Decade}",
      journal = {\apj},
     keywords = {Sun: chromosphere, Sun: corona, Sun: activity, Sun: oscillations, Astrophysics - Solar and Stellar Astrophysics},
         year = 2017,
        month = jan,
       volume = {835},
       number = {1},
          eid = {47},
        pages = {47},
          doi = {10.3847/1538-4357/aa5272},
archivePrefix = {arXiv},
       eprint = {1612.02224},
 primaryClass = {astro-ph.SR},
       adsurl = {https://ui.adsabs.harvard.edu/abs/2017ApJ...835...47K},
      adsnote = {Provided by the SAO/NASA Astrophysics Data System}
}
%-------------
@ARTICLE{Bennett2015ApJ808135B,
       author = {{Bennett}, S.~M. and {Erd{\'e}lyi}, R.},
        title = "{On the Statistics of Macrospicules}",
      journal = {\apj},
     keywords = {Sun: atmosphere, Sun: chromosphere, Sun: transition region},
         year = 2015,
        month = aug,
       volume = {808},
       number = {2},
          eid = {135},
        pages = {135},
          doi = {10.1088/0004-637X/808/2/135},
       adsurl = {https://ui.adsabs.harvard.edu/abs/2015ApJ...808..135B},
      adsnote = {Provided by the SAO/NASA Astrophysics Data System}
}
%--------------
@ARTICLE{Wang1998ApJ509461W,
       author = {{Wang}, Haimin},
        title = "{Comparison of H{\ensuremath{\alpha}} and He II {\ensuremath{\lambda}}304 Macrospicules}",
      journal = {\apj},
     keywords = {SUN: CHROMOSPHERE, SUN: MAGNETIC FIELDS, SUN: UV RADIATION, Sun: Chromosphere, Sun: Magnetic Fields, Sun: UV Radiation},
         year = 1998,
        month = dec,
       volume = {509},
       number = {1},
        pages = {461-470},
          doi = {10.1086/306497},
       adsurl = {https://ui.adsabs.harvard.edu/abs/1998ApJ...509..461W},
      adsnote = {Provided by the SAO/NASA Astrophysics Data System}
}
%----------------
@ARTICLE{Kayshap2013ApJ770L3K,
       author = {{Kayshap}, P. and {Srivastava}, Abhishek K. and {Murawski}, K. and
         {Tripathi}, Durgesh},
        title = "{Origin of Macrospicule and Jet in Polar Corona by a Small-scale Kinked Flux Tube}",
      journal = {\apjl},
     keywords = {magnetohydrodynamics: MHD, Sun: chromosphere, Sun: corona, Astrophysics - Solar and Stellar Astrophysics},
         year = 2013,
        month = jun,
       volume = {770},
       number = {1},
          eid = {L3},
        pages = {L3},
          doi = {10.1088/2041-8205/770/1/L3},
archivePrefix = {arXiv},
       eprint = {1305.0338},
 primaryClass = {astro-ph.SR},
       adsurl = {https://ui.adsabs.harvard.edu/abs/2013ApJ...770L...3K},
      adsnote = {Provided by the SAO/NASA Astrophysics Data System}
}
%-----------
@ARTICLE{Pike1998SoPh182333P,
       author = {{Pike}, C.~D. and {Mason}, H.~E.},
        title = "{Rotating Transition Region Features Observed with the SOHO Coronal Diagnostic Spectrometer}",
      journal = {\solphys},
         year = 1998,
        month = oct,
       volume = {182},
       number = {2},
        pages = {333-348},
          doi = {10.1023/A:1005065704108},
       adsurl = {https://ui.adsabs.harvard.edu/abs/1998SoPh..182..333P},
      adsnote = {Provided by the SAO/NASA Astrophysics Data System}
}
%------
@BOOK{Lang_2006ses,
   author = {{Lang}, K.~R.},
    title = "{Sun, Earth and Sky}",
booktitle = {Sun, Earth and Sky, by K.R.~Lang.~ISBN 978-0-387-30456-4.~ Berlin: Springer, 2006.},
     year = 2006,
   adsurl = {http://adsabs.harvard.edu/abs/2006ses..book.....L},
  adsnote = {Provided by the SAO/NASA Astrophysics Data System}
}
%---------------
@book{mullan2009physics,
  title="{Physics of the Sun: A First Course}",
  author={{Mullan}, D.J.},
  isbn={9781420083088},
  series={Pure and Applied Physics},
  url={https://books.google.be/books?id=owTMBQAAQBAJ},
  year={2009},
  publisher={CRC Press}
}
%------------------
@book{priest2014magnetohydrodynamics,
  title={Magnetohydrodynamics of the Sun},
  author={Priest, E.},
  isbn={9780521854719},
  lccn={2013029372},
  url={https://books.google.co.uk/books?id=BrbSAgAAQBAJ},
  year={2014},
  publisher={Cambridge University Press}
}
%------------------
@book{narayanan2014introduction,
  title={An Introduction to Waves and Oscillations in the Sun},
  author={Narayanan, A.S.},
  isbn={9781489995964},
  series={Astronomy and Astrophysics Library},
  url={https://books.google.be/books?id=Wm3woQEACAAJ},
  year={2014},
  publisher={Springer New York}
}
%------------------------
@ARTICLE{Verwichte_2013A_A,
   author = {{Verwichte}, E. and {Van Doorsselaere}, T. and {White}, R.~S. and {Antolin}, P.},
    title = "{Statistical seismology of transverse waves in the solar corona}",
  journal = {\aap},
 keywords = {Sun: oscillations, magnetohydrodynamics (MHD)},
     year = 2013,
    month = apr,
   volume = 552,
      eid = {A138},
    pages = {A138},
      doi = {10.1051/0004-6361/201220456},
   adsurl = {http://adsabs.harvard.edu/abs/2013A%26A...552A.138V},
  adsnote = {Provided by the SAO/NASA Astrophysics Data System}
}
%-------------------------
@ARTICLE{Nakariakov_2001,
   author = {{Nakariakov}, V.~M. and {Ofman}, L.},
    title = "{Determination of the coronal magnetic field by coronal loop oscillations}",
  journal = {\aap},
 keywords = {MAGNETOHYDRODYNAMICS (MHD), WAVES, SUN: CORONA, SUN: ACTIVITY, SUN: OSCILLATIONS, SUN: UV RADIATION},
     year = 2001,
    month = jun,
   volume = 372,
    pages = {L53-L56},
      doi = {10.1051/0004-6361:20010607},
   adsurl = {http://cdsads.u-strasbg.fr/abs/2001A%26A...372L..53N},
  adsnote = {Provided by the SAO/NASA Astrophysics Data System}
}
%----------------
@ARTICLE{De_Moortel_2003SoPh,
   author = {{De Moortel}, I. and {Parnell}, C.~E. and {Hood}, A.~W.},
    title = "{Determination of coronal loop properties from trace observations}",
  journal = {\solphys},
     year = 2003,
    month = jul,
   volume = 215,
    pages = {69-86},
      doi = {10.1023/A:1024856300248},
   adsurl = {http://adsabs.harvard.edu/abs/2003SoPh..215...69D},
  adsnote = {Provided by the SAO/NASA Astrophysics Data System}
}
%------------------
@ARTICLE{Scullion2011,
   author = {{Scullion}, E. and {Erd{\'e}lyi}, R. and {Fedun}, V. and {Doyle}, J.~G.
	},
    title = "{The Response of A Three-dimensional Solar Atmosphere to Wave-driven Jets}",
  journal = {\apj},
 keywords = {methods: numerical, methods: observational, Sun: transition region, techniques: image processing, techniques: spectroscopic},
     year = 2011,
    month = dec,
   volume = 743,
      eid = {14},
    pages = {14},
      doi = {10.1088/0004-637X/743/1/14},
   adsurl = {http://adsabs.harvard.edu/abs/2011ApJ...743...14S},
  adsnote = {Provided by the SAO/NASA Astrophysics Data System}
}
%-------------------------
@ARTICLE{Henriques2016,
   author = {{Henriques}, V.~M.~J. and {Kuridze}, D. and {Mathioudakis}, M. and 
	{Keenan}, F.~P.},
    title = "{Quiet-Sun H{$\alpha$} Transients and Corresponding Small-scale Transition Region and Coronal Heating}",
  journal = {\apj},
archivePrefix = "arXiv",
   eprint = {1602.04820},
 primaryClass = "astro-ph.SR",
 keywords = {solar wind, Sun: activity, Sun: chromosphere, Sun: corona, Sun: general, Sun: transition region},
     year = 2016,
    month = apr,
   volume = 820,
      eid = {124},
    pages = {124},
      doi = {10.3847/0004-637X/820/2/124},
   adsurl = {http://adsabs.harvard.edu/abs/2016ApJ...820..124H},
  adsnote = {Provided by the SAO/NASA Astrophysics Data System}
}
%-----------------------------
@book{goedbloed2004principles,
  title={Principles of magnetohydrodynamics: with applications to laboratory and astrophysical plasmas},
  author={Goedbloed, Johan Peter and Poedts, Stefaan},
  year={2004},
  publisher={Cambridge university press}
}
%--------------------------
@ARTICLE{McWhirter1975,
   author = {{McWhirter}, R.~W.~P. and {Thonemann}, P.~C. and {Wilson}, R.
	},
    title = "{The heating of the solar corona. II - A model based on energy balance}",
  journal = {\aap},
 keywords = {Acoustic Attenuation, Astronomical Models, Energy Budgets, Plasma Heating, Solar Corona, Conductive Heat Transfer, Density Distribution, Magnetoacoustic Waves, Radiative Heat Transfer, Solar Magnetic Field, Sound Waves, Temperature Distribution},
     year = 1975,
    month = apr,
   volume = 40,
    pages = {63-73},
   adsurl = {http://adsabs.harvard.edu/abs/1975A%26A....40...63M},
  adsnote = {Provided by the SAO/NASA Astrophysics Data System}
}
@MISC{Griffiths2013,
   author = {{Griffiths}, M. and {Fedun}, V. and {Mumford}, S. and {Gent}, F.
	},
    title = "{SAC: Sheffield Advanced Code}",
 keywords = {Software},
howpublished = {Astrophysics Source Code Library},
     year = 2013,
    month = jun,
archivePrefix = "ascl",
   eprint = {1306.001},
   adsurl = {http://adsabs.harvard.edu/abs/2013ascl.soft06001G},
  adsnote = {Provided by the SAO/NASA Astrophysics Data System}
}

@ARTICLE{Rouppe2013ApJ77656R,
       author = {{Rouppe van der Voort}, L. and {de la Cruz Rodr{\'\i}guez}, J.},
        title = "{Short Dynamic Fibrils in Sunspot Chromospheres}",
      journal = {\apj},
     keywords = {Sun: atmosphere, Sun: chromosphere, Sun: oscillations, sunspots, Astrophysics - Solar and Stellar Astrophysics},
         year = 2013,
        month = oct,
       volume = {776},
       number = {1},
          eid = {56},
        pages = {56},
          doi = {10.1088/0004-637X/776/1/56},
archivePrefix = {arXiv},
       eprint = {1308.3893},
 primaryClass = {astro-ph.SR},
       adsurl = {https://ui.adsabs.harvard.edu/abs/2013ApJ...776...56R},
      adsnote = {Provided by the SAO/NASA Astrophysics Data System}
}


@ARTICLE{Gafeira2017ApJS2296G,
       author = {{Gafeira}, R. and {Lagg}, A. and {Solanki}, S.~K. and {Jafarzadeh}, S. and
         {van Noort}, M. and {Barthol}, P. and {Blanco Rodr{\'\i}guez}, J. and
         {del Toro Iniesta}, J.~C. and {Gandorfer}, A. and {Gizon}, L. and
         {Hirzberger}, J. and {Kn{\"o}lker}, M. and {Orozco Su{\'a}rez}, D. and
         {Riethm{\"u}ller}, T.~L. and {Schmidt}, W.},
        title = "{Morphological Properties of Slender Ca II H Fibrils Observed by SUNRISE II}",
      journal = {\apjs},
     keywords = {Sun: chromosphere, Sun: magnetic fields, techniques: imaging spectroscopy, Astrophysics - Solar and Stellar Astrophysics},
         year = 2017,
        month = mar,
       volume = {229},
       number = {1},
          eid = {6},
        pages = {6},
          doi = {10.3847/1538-4365/229/1/6},
archivePrefix = {arXiv},
       eprint = {1612.00319},
 primaryClass = {astro-ph.SR},
       adsurl = {https://ui.adsabs.harvard.edu/abs/2017ApJS..229....6G},
      adsnote = {Provided by the SAO/NASA Astrophysics Data System}
}

@ARTICLE{Yamauchi2005ApJ629572Y,
       author = {{Yamauchi}, Y. and {Wang}, H. and {Jiang}, Y. and {Schwadron}, N. and
         {Moore}, R.~L.},
        title = "{Study of H{\ensuremath{\alpha}} Macrospicules in Coronal Holes: Magnetic Structure and Evolution in Relation to Photospheric Magnetic Setting}",
      journal = {\apj},
     keywords = {Sun: Chromosphere, Sun: Corona, Sun: Magnetic Fields},
         year = 2005,
        month = aug,
       volume = {629},
       number = {1},
        pages = {572-581},
          doi = {10.1086/431664},
       adsurl = {https://ui.adsabs.harvard.edu/abs/2005ApJ...629..572Y},
      adsnote = {Provided by the SAO/NASA Astrophysics Data System}
}

@ARTICLE{Moreno2008ApJ673L211M,
       author = {{Moreno-Insertis}, F. and {Galsgaard}, K. and {Ugarte-Urra}, I.},
        title = "{Jets in Coronal Holes: Hinode Observations and Three-dimensional Computer Modeling}",
      journal = {\apjl},
     keywords = {MHD, Sun: corona, Sun: flares, Sun: magnetic fields, Sun: X-rays, gamma rays, Astrophysics},
         year = 2008,
        month = feb,
       volume = {673},
       number = {2},
        pages = {L211},
          doi = {10.1086/527560},
archivePrefix = {arXiv},
       eprint = {0712.1059},
 primaryClass = {astro-ph},
       adsurl = {https://ui.adsabs.harvard.edu/abs/2008ApJ...673L.211M},
      adsnote = {Provided by the SAO/NASA Astrophysics Data System}
}

@ARTICLE{Young2015ApJ801124Y,
       author = {{Young}, Peter R.},
        title = "{Dark Jets in Solar Coronal Holes}",
      journal = {\apj},
     keywords = {solar wind, Sun: corona, Sun: UV radiation, techniques: spectroscopic, Astrophysics - Solar and Stellar Astrophysics},
         year = 2015,
        month = mar,
       volume = {801},
       number = {2},
          eid = {124},
        pages = {124},
          doi = {10.1088/0004-637X/801/2/124},
archivePrefix = {arXiv},
       eprint = {1501.02751},
 primaryClass = {astro-ph.SR},
       adsurl = {https://ui.adsabs.harvard.edu/abs/2015ApJ...801..124Y},
      adsnote = {Provided by the SAO/NASA Astrophysics Data System}
}

@ARTICLE{toth1996ApLC34245T,
       author = {{T{\'o}th}, G.},
        title = "{A General Code for Modeling MHD Flows on Parallel Computers: Versatile Advection Code}",
      journal = {Astrophysical Letters and Communications},
         year = 1996,
        month = jan,
       volume = {34},
        pages = {245},
       adsurl = {https://ui.adsabs.harvard.edu/abs/1996ApL&C..34..245T},
      adsnote = {Provided by the SAO/NASA Astrophysics Data System}
}

