%
% A
%
@Article{Beckers1968,
  Title                    = {{Solar spicules}},
  Author                   = {{Beckers}, J. M.},
  Journal                  = {Solar Physic},
  Year                     = {1968},
  Number                   = {3},
  Pages                    = {367-433},
  Volume                   = {3},

  Adsurl                   = {http://dx.doi.org/10.1007/BF00171614},
  Doi                      = {10.1007/BF00171614},
  ISSN                     = {1573-093X}
}

@Article{Beckers1972ARA&A,
  Title                    = {{Solar Spicules}},
  Author                   = {{Beckers}, J.~M.},
  Journal                  = {\araa},
  Year                     = {1972},
  Pages                    = {73},
  Volume                   = {10},

  Adsnote                  = {Provided by the SAO/NASA Astrophysics Data System},
  Adsurl                   = {http://adsabs.harvard.edu/abs/1972ARA%26A..10...73B},
  Doi                      = {10.1146/annurev.aa.10.090172.000445}
}

@ARTICLE{srivastava2018NatAs,
       author = {{Srivastava}, Abhishek Kumar and {Murawski}, Krzysztof and {Ku{\'z}ma}, Bla{\.Z}ej and {W{\'o}jcik}, Dariusz Patryk and {Zaqarashvili}, Teimuraz V. and {Stangalini}, Marco and {Musielak}, Zdzislaw E. and {Doyle}, John Gerard and {Kayshap}, Pradeep and {Dwivedi}, Bhola N.},
        title = "{Confined pseudo-shocks as an energy source for the active solar corona}",
      journal = {Nature Astronomy},
         year = 2018,
        month = oct,
       volume = {2},
        pages = {951-956},
          doi = {10.1038/s41550-018-0590-1},
       adsurl = {https://ui.adsabs.harvard.edu/abs/2018NatAs...2..951S},
      adsnote = {Provided by the SAO/NASA Astrophysics Data System}
}

@Article{Cohen2014ApJ787151C,
  Title                    = {{Studies of the Jet in Bl Lacertae. I. Recollimation Shock and Moving Emission Features}},
  Author                   = {{Cohen}, M.~H. and {Meier}, D.~L. and {Arshakian}, T.~G. and
 {Homan}, D.~C. and {Hovatta}, T. and {Kovalev}, Y.~Y. and
 {Lister}, M.~L. and {Pushkarev}, A.~B. and {Richards}, J.~L. and
 {Savolainen}, T.},
  Journal                  = {\apj},
  Year                     = {2014},

  Month                    = jun,
  Number                   = {2},
  Pages                    = {151},
  Volume                   = {787},

  Adsnote                  = {Provided by the SAO/NASA Astrophysics Data System},
  Adsurl                   = {https://ui.adsabs.harvard.edu/abs/2014ApJ...787..151C},
  Archiveprefix            = {arXiv},
  Doi                      = {10.1088/0004-637X/787/2/151},
  Eid                      = {151},
  Eprint                   = {1404.0976},
  Keywords                 = {BL Lacertae objects: individual: BL Lacertae, galaxies: active, galaxies: jets, magnetohydrodynamics: MHD, waves, Astrophysics - High Energy Astrophysical Phenomena, Astrophysics - Cosmology and Nongalactic Astrophysics, Astrophysics - Astrophysics of Galaxies},
  Primaryclass             = {astro-ph.HE}
}

@Article{Hervet2017AnA606A103H,
  Title                    = {{Shocks in relativistic transverse stratified jets. A new paradigm for radio-loud AGN}},
  Author                   = {{Hervet}, O. and {Meliani}, Z. and {Zech}, A. and {Boisson}, C. and
 {Cayatte}, V. and {Sauty}, C. and {Sol}, H.},
  Journal                  = {\aap},
  Year                     = {2017},

  Month                    = oct,
  Pages                    = {A103},
  Volume                   = {606},

  Adsnote                  = {Provided by the SAO/NASA Astrophysics Data System},
  Adsurl                   = {https://ui.adsabs.harvard.edu/abs/2017A&A...606A.103H},
  Archiveprefix            = {arXiv},
  Doi                      = {10.1051/0004-6361/201730745},
  Eid                      = {A103},
  Eprint                   = {1705.10556},
  Keywords                 = {ISM: jets and outflows, galaxies: active, galaxies: jets, quasars: general, BL Lacertae objects: general, methods: numerical, Astrophysics - High Energy Astrophysical Phenomena},
  Primaryclass             = {astro-ph.HE}
}

@Article{Hada2013ApJ77570H,
  Title                    = {{The Innermost Collimation Structure of the M87 Jet Down to \raisebox{-0.5ex}\textasciitilde10 Schwarzschild Radii}},
  Author                   = {{Hada}, Kazuhiro and {Kino}, Motoki and {Doi}, Akihiro and
 {Nagai}, Hiroshi and {Honma}, Mareki and {Hagiwara}, Yoshiaki and
 {Giroletti}, Marcello and {Giovannini}, Gabriele and
 {Kawaguchi}, Noriyuki},
  Journal                  = {\apj},
  Year                     = {2013},

  Month                    = sep,
  Number                   = {1},
  Pages                    = {70},
  Volume                   = {775},

  Adsnote                  = {Provided by the SAO/NASA Astrophysics Data System},
  Adsurl                   = {https://ui.adsabs.harvard.edu/abs/2013ApJ...775...70H},
  Archiveprefix            = {arXiv},
  Doi                      = {10.1088/0004-637X/775/1/70},
  Eid                      = {70},
  Eprint                   = {1308.1411},
  Keywords                 = {galaxies: active, galaxies: individual: M87, galaxies: jets, radio continuum: galaxies, Astrophysics - Cosmology and Nongalactic Astrophysics, Astrophysics - High Energy Astrophysical Phenomena},
  Primaryclass             = {astro-ph.CO}
}


@Article{Sharma2018ApJ85361S,
  Title                    = {{Evolution of Complex 3D Motions in Spicules}},
  Author                   = {{Sharma}, Rahul and {Verth}, Gary and {Erd{\'e}lyi}, Robertus},
  Journal                  = {\apj},
  Year                     = {2018},

  Month                    = jan,
  Number                   = {1},
  Pages                    = {61},
  Volume                   = {853},

  Adsnote                  = {Provided by the SAO/NASA Astrophysics Data System},
  Adsurl                   = {https://ui.adsabs.harvard.edu/abs/2018ApJ...853...61S},
  Doi                      = {10.3847/1538-4357/aaa07f},
  Eid                      = {61},
  Keywords                 = {magnetohydrodynamics: MHD, Sun: chromosphere, Sun: oscillations}
}

@Article{van_Putten_1996ApJ467L57V,
  Title                    = {{Knots in Simulations of Magnetized Relativistic Jets}},
  Author                   = {{van Putten}, Maurice H.~P.~M.},
  Journal                  = {\apjl},
  Year                     = {1996},

  Month                    = aug,
  Pages                    = {L57},
  Volume                   = {467},

  Adsnote                  = {Provided by the SAO/NASA Astrophysics Data System},
  Adsurl                   = {https://ui.adsabs.harvard.edu/abs/1996ApJ...467L..57V},
  Doi                      = {10.1086/310196},
  Keywords                 = {GALAXIES: JETS, MAGNETOHYDRODYNAMICS: MHD, RELATIVITY}
}

@Article{Antolin2018ApJ85644A,
  Title                    = {{Transverse Wave Induced Kelvin-Helmholtz Rolls in Spicules}},
  Author                   = {{Antolin}, P. and {Schmit}, D. and {Pereira}, T.~M.~D. and
 {De Pontieu}, B. and {De Moortel}, I.},
  Journal                  = {\apj},
  Year                     = {2018},

  Month                    = mar,
  Number                   = {1},
  Pages                    = {44},
  Volume                   = {856},

  Adsnote                  = {Provided by the SAO/NASA Astrophysics Data System},
  Adsurl                   = {https://ui.adsabs.harvard.edu/abs/2018ApJ...856...44A},
  Archiveprefix            = {arXiv},
  Doi                      = {10.3847/1538-4357/aab34f},
  Eid                      = {44},
  Eprint                   = {1803.00821},
  Keywords                 = {instabilities, magnetohydrodynamics: MHD, Sun: activity, Sun: chromosphere, Sun: corona, Sun: oscillations, Astrophysics - Solar and Stellar Astrophysics},
  Primaryclass             = {astro-ph.SR}
}


@Article{Tsiropoula2012,
  Title                    = {{Solar Fine-Scale Structures. I. Spicules and Other Small-Scale, Jet-Like Events at the Chromospheric Level: Observations and Physical Parameters}},
  Author                   = {{Tsiropoula}, G. and {Tziotziou}, K. and {Kontogiannis}, I. and {Madjarska}, M.~S. and {Doyle}, J.~G. and {Suematsu}, Y.},
  Journal                  = {\ssr},
  Year                     = {2012},

  Month                    = sep,
  Pages                    = {181-244},
  Volume                   = {169},

  Adsnote                  = {Provided by the SAO/NASA Astrophysics Data System},
  Adsurl                   = {http://adsabs.harvard.edu/abs/2012SSRv..169..181T},
  Archiveprefix            = {arXiv},
  Doi                      = {10.1007/s11214-012-9920-2},
  Eprint                   = {1207.3956},
  Keywords                 = {Sun, Chromosphere, Spicules, Jet-like structures, Small-scale events, Physical parameters},
  Primaryclass             = {astro-ph.SR}
}

@ARTICLE{depontieu2017,
       author = {{De Pontieu}, Bart and {Mart{\'\i}nez-Sykora}, Juan and {Chintzoglou}, Georgios},
        title = "{What Causes the High Apparent Speeds in Chromospheric and Transition Region Spicules on the Sun?}",
      journal = {\apjl},
     keywords = {magnetohydrodynamics: MHD, methods: numerical, radiative transfer, Sun: atmosphere, Sun: chromosphere, Sun: transition region, Astrophysics - Solar and Stellar Astrophysics},
         year = 2017,
        month = nov,
       volume = {849},
       number = {1},
          eid = {L7},
        pages = {L7},
          doi = {10.3847/2041-8213/aa9272},
archivePrefix = {arXiv},
       eprint = {1710.06803},
 primaryClass = {astro-ph.SR},
       adsurl = {https://ui.adsabs.harvard.edu/abs/2017ApJ...849L...7D},
      adsnote = {Provided by the SAO/NASA Astrophysics Data System}
}

@Article{Pereira2016ApJ82465P,
  Title                    = {{The Appearance of Spicules in High Resolution Observations of Ca II H and H{\ensuremath{\alpha}}}},
  Author                   = {{Pereira}, Tiago M.~D. and {Rouppe van der Voort}, Luc and
 {Carlsson}, Mats},
  Journal                  = {\apj},
  Year                     = {2016},

  Month                    = jun,
  Number                   = {2},
  Pages                    = {65},
  Volume                   = {824},

  Adsnote                  = {Provided by the SAO/NASA Astrophysics Data System},
  Adsurl                   = {https://ui.adsabs.harvard.edu/abs/2016ApJ...824...65P},
  Archiveprefix            = {arXiv},
  Doi                      = {10.3847/0004-637X/824/2/65},
  Eid                      = {65},
  Eprint                   = {1604.03116},
  Keywords                 = {Sun: atmosphere, Sun: chromosphere, Astrophysics - Solar and Stellar Astrophysics},
  Primaryclass             = {astro-ph.SR}
}


@Article{Pereira2012,
  Title                    = {{Quantifying Spicules}},
  Author                   = {{Pereira}, Tiago M.~D. and {De Pontieu}, Bart and {Carlsson}, Mats},
  Journal                  = {\apj},
  Year                     = {2012},

  Month                    = nov,
  Number                   = {1},
  Pages                    = {18},
  Volume                   = {759},

  Adsnote                  = {Provided by the SAO/NASA Astrophysics Data System},
  Adsurl                   = {https://ui.adsabs.harvard.edu/abs/2012ApJ...759...18P},
  Archiveprefix            = {arXiv},
  Doi                      = {10.1088/0004-637X/759/1/18},
  Eid                      = {18},
  Eprint                   = {1208.4404},
  Keywords                 = {Sun: atmosphere, Sun: chromosphere, Sun: transition region, Astrophysics - Solar and Stellar Astrophysics},
  Primaryclass             = {astro-ph.SR}
}

@Article{Jess2015,
  Title                    = {{Multiwavelength Studies of MHD Waves in the Solar Chromosphere. An Overview of Recent Results}},
  Author                   = {{Jess}, D.~B. and {Morton}, R.~J. and {Verth}, G. and {Fedun}, V. and {Grant}, S.~D.~T. and {Giagkiozis}, I.},
  Journal                  = {\ssr},
  Year                     = {2015},

  Month                    = jul,
  Number                   = {1-4},
  Pages                    = {103-161},
  Volume                   = {190},

  Adsnote                  = {Provided by the SAO/NASA Astrophysics Data System},
  Adsurl                   = {https://ui.adsabs.harvard.edu/abs/2015SSRv..190..103J},
  Archiveprefix            = {arXiv},
  Doi                      = {10.1007/s11214-015-0141-3},
  Eprint                   = {1503.01769},
  Keywords                 = {Sun: compressible waves, Sun: incompressible waves, Sun: chromosphere, Sun: spicules, Plasma wave heating, Astrophysics - Solar and Stellar Astrophysics},
  Primaryclass             = {astro-ph.SR}
}


@Article{Zaqarashvili_2009SSRv,
  Title                    = {{Oscillations and Waves in Solar Spicules}},
  Author                   = {{Zaqarashvili}, T.~V. and {Erd{\'e}lyi}, R.},
  Journal                  = {\ssr},
  Year                     = {2009},

  Month                    = dec,
  Pages                    = {355-388},
  Volume                   = {149},

  Adsnote                  = {Provided by the SAO/NASA Astrophysics Data System},
  Adsurl                   = {http://adsabs.harvard.edu/abs/2009SSRv..149..355Z},
  Archiveprefix            = {arXiv},
  Doi                      = {10.1007/s11214-009-9549-y},
  Eprint                   = {0906.1783},
  Primaryclass             = {astro-ph.SR}
}

@Article{Narain1990,
  Title                    = {{Chromospheric and Coronal Heating Mechanisms}},
  Author                   = {{Narain}, U. and {Ulmschneider}, P.},
  Journal                  = {\ssr},
  Year                     = {1990},

  Month                    = dec,
  Number                   = {3-4},
  Pages                    = {377-445},
  Volume                   = {54},

  Adsnote                  = {Provided by the SAO/NASA Astrophysics Data System},
  Adsurl                   = {https://ui.adsabs.harvard.edu/abs/1990SSRv...54..377N},
  Doi                      = {10.1007/BF00177801},
  Keywords                 = {Chromosphere, Magnetohydrodynamic Waves, Plasma Heating, Radiant Heating, Stellar Coronas, Dissipation, Landau Damping, Late Stars, Magnetic Flux, Magnetoacoustic Waves, Photosphere, Astrophysics}
}

@ARTICLE{Aschwanden2007ApJ,
       author = {{Aschwanden}, Markus J. and {Winebarger}, Amy and {Tsiklauri}, David and {Peter}, Hardi},
        title = "{The Coronal Heating Paradox}",
      journal = {\apj},
     keywords = {Sun: Chromosphere, Sun: Corona, Hydrodynamics},
         year = 2007,
        month = apr,
       volume = {659},
       number = {2},
        pages = {1673-1681},
          doi = {10.1086/513070},
       adsurl = {https://ui.adsabs.harvard.edu/abs/2007ApJ...659.1673A},
      adsnote = {Provided by the SAO/NASA Astrophysics Data System}
}

@ARTICLE{Grotrian1939,
       author = {{Grotrian}, W.},
        title = "{Zur Frage der Deutung der Linien im Spektrum der Sonnenkorona}",
      journal = {Naturwissenschaften},
         year = 1939,
        month = mar,
       volume = {27},
       number = {13},
        pages = {214-214},
          doi = {10.1007/BF01488890},
       adsurl = {https://ui.adsabs.harvard.edu/abs/1939NW.....27..214G},
      adsnote = {Provided by the SAO/NASA Astrophysics Data System}
}
@ARTICLE{Edl1943,
       author = {{Edl{\'e}n}, Bengt},
        title = "{Die Deutung der Emissionslinien im Spektrum der Sonnenkorona. Mit 6 Abbildungen.}",
      journal = {\zap},
         year = 1943,
        month = jan,
       volume = {22},
        pages = {30},
       adsurl = {https://ui.adsabs.harvard.edu/abs/1943ZA.....22...30E},
      adsnote = {Provided by the SAO/NASA Astrophysics Data System}
}


%-----------------
@ARTICLE{Leighton1962ApJ135474L,
       author = {{Leighton}, Robert B. and {Noyes}, Robert W. and {Simon}, George W.},
        title = "{Velocity Fields in the Solar Atmosphere. I. Preliminary Report.}",
      journal = {\apj},
         year = 1962,
        month = mar,
       volume = {135},
        pages = {474},
          doi = {10.1086/147285},
       adsurl = {https://ui.adsabs.harvard.edu/abs/1962ApJ...135..474L},
      adsnote = {Provided by the SAO/NASA Astrophysics Data System}
}
@ARTICLE{Xia_2017,
   author = {{Xia}, C. and {Teunissen}, J. and {El Mellah}, I. and {Chane}, E. and 
	{Keppens}, R.},
    title = "{MPI-AMRVAC 2.0 for Solar and Astrophysical Applications}",
  journal = {ArXiv e-prints},
archivePrefix = "arXiv",
   eprint = {1710.06140},
 primaryClass = "astro-ph.SR",
 keywords = {Astrophysics - Solar and Stellar Astrophysics},
     year = 2017,
    month = oct,
   adsurl = {http://adsabs.harvard.edu/abs/2017arXiv171006140X},
  adsnote = {Provided by the SAO/NASA Astrophysics Data System}
}
%-----------------
@ARTICLE{Keppens_2012,
   author = {{Keppens}, R. and {Meliani}, Z. and {van Marle}, A.~J. and {Delmont}, P. and 
	{Vlasis}, A. and {van der Holst}, B.},
    title = "{Parallel, grid-adaptive approaches for relativistic hydro and magnetohydrodynamics}",
  journal = {Journal of Computational Physics},
     year = 2012,
    month = feb,
   volume = 231,
    pages = {718-744},
      doi = {10.1016/j.jcp.2011.01.020},
   adsurl = {http://adsabs.harvard.edu/abs/2012JCoPh.231..718K},
  adsnote = {Provided by the SAO/NASA Astrophysics Data System}
}
%-----------------
@ARTICLE{Porth_2014,
   author = {{Porth}, O. and {Xia}, C. and {Hendrix}, T. and {Moschou}, S.~P. and 
	{Keppens}, R.},
    title = "{MPI-AMRVAC for Solar and Astrophysics}",
  journal = {\apjs},
archivePrefix = "arXiv",
   eprint = {1407.2052},
 primaryClass = "astro-ph.IM",
 keywords = {hydrodynamics, magnetohydrodynamics: MHD, methods: numerical },
     year = 2014,
    month = sep,
   volume = 214,
      eid = {4},
    pages = {4},
      doi = {10.1088/0067-0049/214/1/4},
   adsurl = {http://adsabs.harvard.edu/abs/2014ApJS..214....4P},
  adsnote = {Provided by the SAO/NASA Astrophysics Data System}
}
%-------------------
@article{hll_1983,
author = {Harten, Amiram. and Lax, Peter D and van. Leer, Bram},
doi = {10.1137/1025002},
journal = {SIAM Review},
number = {1},
pages = {35--61},
title = {{On Upstream Differencing and Godunov-Type Schemes for Hyperbolic Conservation Laws}},
url = {https://doi.org/10.1137/1025002},
volume = {25},
year = {1983}
}
%-----------------
@article{CADA20094118,
abstract = {We consider finite volume methods for the numerical solution of conservation laws. In order to achieve high-order accurate numerical approximation to non-linear smooth functions, we introduce a new class of limiter functions for the spatial reconstruction of hyperbolic equations. We therefore employ and generalize the idea of double-logarithmic reconstruction of Artebrant and Schroll [R. Artebrant, H.J. Schroll, Limiter-free third order logarithmic reconstruction, SIAM J. Sci. Comput. 28 (2006) 359-381]. The result is a class of efficient third-order schemes with a compact three-point stencil. The interface values between two neighboring cells are obtained by a single limiter function. The limiter belongs to a family of functions, which are based upon a non-polynomial and non-linear reconstruction function. The new methods handle discontinuities as well as local extrema within the standard semi-discrete TVD-MUSCL framework using only a local three-point stencil and an explicit TVD Runge–Kutta time-marching scheme. The shape-preserving properties of the reconstruction are significantly improved, resulting in sharp, accurate and symmetric shock capturing. Smearing, clipping and squaring effects of classical second-order limiters are completely avoided. Computational efficiency is enhanced due to large allowable Courant numbers (CFL≲1.6), as indicated by the von Neumann stability analysis. Numerical experiments for a variety of hyperbolic partial differential equations, such as Euler equations and ideal magneto-hydrodynamic equations, confirm a significant improvement of shock resolution, high accuracy for smooth functions and computational efficiency.},
author = {{\v{C}}ada, Miroslav and Torrilhon, Manuel},
doi = {https://doi.org/10.1016/j.jcp.2009.02.020},
issn = {0021-9991},
journal = {Journal of Computational Physics},
keywords = { Conservation laws, Finite volume methods, High-order accuracy, Non-linear and non-polynomial limiter, Shock capturing,Numerical methods},
number = {11},
pages = {4118--4145},
title = {{Compact third-order limiter functions for finite volume methods}},
url = {http://www.sciencedirect.com/science/article/pii/S0021999109000953},
volume = {228},
year = {2009}
}
%-------------------------------
@article{DEDNER2002645,
abstract = {In simulations of magnetohydrodynamic (MHD) processes the violation of the divergence constraint causes severe stability problems. In this paper we develop and test a new approach to the stabilization of numerical schemes. Our technique can be easily implemented in any existing code since there is no need to modify the solver for the MHD equations. It is based on a modified system in which the divergence constraint is coupled with the conservation laws by introducing a generalized Lagrange multiplier. We suggest a formulation in which the divergence errors are transported to the domain boundaries with the maximal admissible speed and are damped at the same time. This corrected system is hyperbolic and the density, momentum, magnetic induction, and total energy density are still conserved. In comparison to results obtained without correction or with the standard “divergence source terms,” our approach seems to yield more robust schemes with significantly smaller divergence errors.},
author = {Dedner, A and Kemm, F and Kr{\"{o}}ner, D and Munz, C.-D. and Schnitzer, T and Wesenberg, M},
doi = {https://doi.org/10.1006/jcph.2001.6961},
issn = {0021-9991},
journal = {Journal of Computational Physics},
number = {2},
pages = {645--673},
title = {{Hyperbolic Divergence Cleaning for the MHD Equations}},
url = {http://www.sciencedirect.com/science/article/pii/S002199910196961X},
volume = {175},
year = {2002}
}
%-------------------------------
@ARTICLE{Norman1982,
       author = {{Norman}, M.~L. and {Winkler}, K. -H.~A. and {Smarr}, L. and
         {Smith}, M.~D.},
        title = "{Structure and dynamics of supersonic jets.}",
      journal = {\aap},
     keywords = {Gas Dynamics, Kelvin-Helmholtz Instability, Plasma Jets, Radio Galaxies, Supersonic Jet Flow, Beam Interactions, Galactic Structure, Internal Waves, Jet Boundaries, Numerical Flow Visualization, Oblique Shock Waves, Radio Emission, Taylor Instability, Vortex Sheets, Astrophysics},
         year = "1982",
        month = "Sep",
       volume = {113},
        pages = {285-302},
       adsurl = {https://ui.adsabs.harvard.edu/abs/1982A&A...113..285N},
      adsnote = {Provided by the SAO/NASA Astrophysics Data System}
}
%-------------------------------
@article{Edgington-Mitchell2014,
       author = {{Edgington-Mitchell}, Daniel and {Honnery}, Damon R. and {Soria}, Julio},
        title = "{The underexpanded jet Mach disk and its associated shear layer}",
      journal = {Physics of Fluids},
         year = 2014,
        month = sep,
       volume = {26},
       number = {9},
          eid = {096101},
        pages = {096101},
          doi = {10.1063/1.4894741},
       adsurl = {https://ui.adsabs.harvard.edu/abs/2014PhFl...26i6101E},
      adsnote = {Provided by the SAO/NASA Astrophysics Data System}
}
%-------------------------------
@article{Ono2014,
abstract = {Plasma jets have been used widely in various fields such as materials and aerospace engineering. The understanding of the shock structure is important to control a supersonic jet using a magnetic field. An experiment of axisymmetric argon plasma jet under strong magnetic field was carried out to detect the shock structure around the Mach disk precisely. A magnetic field was applied to the jet using a pair of identical superconducting coils. The jet images in a vacuum chamber were taken by a digital single-lens reflex camera with high spatial and color resolution through a viewing window. The distribution of light intensity from photographic data was converted to the radial intensity, relevant to plasma density, using Abel-inversion. The radial shock structure, that is not apparent on the ordinary photos, can be detected from the converted distributions. The software for the analysis was developed to detect the shock structure in the plasma jet. The method of shock detection was also detailed. The hidden shock characteristics such as triple point were found using the radial intensity obtained from the data with high color resolution. The shock lines upstream of the Mach disk under the magnetic field were indicated in detail. The reflected shock location could be determined. The intensity distribution downstream of the Mach disk was significantly changed by applying the magnetic field. The interaction between plasma density and magnetic field clearly occurs at higher density region downstream of the Mach disk.},
author = {Ono, Norifumi and Yamamoto, Masami and Koike, Kazuo},
doi = {10.1016/j.vacuum.2014.05.010},
issn = {0042207X},
journal = {Vacuum},
keywords = {Abel-inversion,Image analysis,Mach disk,Magnetic field,Plasma jet},
month = {dec},
pages = {149--153},
publisher = {Elsevier Ltd},
title = {{Detection of shock structure around Mach disk in axisymmetric plasma jet}},
volume = {110},
year = {2014}
}
%-------------------------------
@article{Menon2010,
abstract = {An experimental and numerical study of underexpanded free sonic jet flows issuing from rectangular, elliptical and slot nozzles has been undertaken. Aspect ratios (AR) of 1, 2, and 4 are described at pressure ratios (exit plane pressure to ambient pressure), of 2 and 3. There is good qualitative agreement between the experimental observations and the numerical predictions. In the case of rectangular jets, a complex system of shock waves forming the incident shock system is identified. This shock wave system originates at the corners of the nozzle exits, and proceeds downstream. Mach reflections are found to occur on the incident shock wave surface as well as the presence of a Mach disk terminating the first jet cell. This Mach disk has the shape of a square, a hexagon, or an octagon depending on the nozzle shape. For slot and elliptical jets, the formation of the incident shock wave was not observed along the minor axis plane of the nozzle for AR {\textgreater} 2. The incident shock wave was observed to originate downstream of the nozzle exit in the major axis plane. This wave system undergoes a transition to Mach reflection as it propagates downstream of the nozzle exit. In all cases tested, the shape of the jet boundary is significantly distorted. In rectangular jets, the narrowing of the jet boundary along the diagonal axis of the nozzle exit is observed, and in the case of the elliptical and slot jets axis switching is noted. {\textcopyright} 2010 Springer-Verlag.},
author = {Menon, Nandkishore and Skews, Beric William},
doi = {10.1007/s00193-010-0257-z},
file = {:home/fionnlagh/.local/share/data/Mendeley Ltd./Mendeley Desktop/Downloaded/Menon, Skews - 2010 - Shock wave configurations and flow structures in non-axisymmetric underexpanded sonic jets.pdf:pdf},
issn = {09381287},
journal = {Shock Waves},
keywords = {Jets,Sonic jets,Underexpansion},
month = {may},
number = {3},
pages = {175--190},
publisher = {Springer},
title = {{Shock wave configurations and flow structures in non-axisymmetric underexpanded sonic jets}},
volume = {20},
year = {2010}
}
%-------------------------------
@ARTICLE{DeGouveiaDalPino2005,
       author = {{de Gouveia Dal Pino}, Elisabete M.},
        title = "{Astrophysical jets and outflows}",
      journal = {Advances in Space Research},
     keywords = {Astrophysics},
         year = 2005,
        month = jan,
       volume = {35},
       number = {5},
        pages = {908-924},
          doi = {10.1016/j.asr.2005.03.145},
archivePrefix = {arXiv},
       eprint = {astro-ph/0406319},
 primaryClass = {astro-ph},
       adsurl = {https://ui.adsabs.harvard.edu/abs/2005AdSpR..35..908D},
      adsnote = {Provided by the SAO/NASA Astrophysics Data System}
}
%-------------------------------
@ARTICLE{Birkinshaw1996,
       author = {{Birkinshaw}, M.},
        title = "{Instabilities in Astrophysical Jets}",
      journal = {\apss},
     keywords = {Jets, Beams, Magnetohydrodynamics, Radio galaxies},
         year = 1996,
        month = mar,
       volume = {242},
       number = {1-2},
        pages = {17-91},
          doi = {10.1007/BF00645111},
       adsurl = {https://ui.adsabs.harvard.edu/abs/1996Ap&SS.242...17B},
      adsnote = {Provided by the SAO/NASA Astrophysics Data System}
}
%-------------------------------
@ARTICLE{Blandford2019,
       author = {{Blandford}, Roger and {Meier}, David and {Readhead}, Anthony},
        title = "{Relativistic Jets from Active Galactic Nuclei}",
      journal = {\araa},
     keywords = {Astrophysics - High Energy Astrophysical Phenomena},
         year = 2019,
        month = aug,
       volume = {57},
        pages = {467-509},
          doi = {10.1146/annurev-astro-081817-051948},
archivePrefix = {arXiv},
       eprint = {1812.06025},
 primaryClass = {astro-ph.HE},
       adsurl = {https://ui.adsabs.harvard.edu/abs/2019ARA&A..57..467B},
      adsnote = {Provided by the SAO/NASA Astrophysics Data System}
}
%-------------------------------
@ARTICLE{Belan2011,
       author = {{Belan}, Marco and {de Ponte}, Sergio and {Tordella}, Daniela and
         {Massaglia}, Silvano and {Mignone}, Andrea and {Bodenschatz}, Eberhard and
         {Ferrari}, Attilio},
        title = "{Hydrodynamics of hypersonic jets: experiments and numerical simulations}",
      journal = {\apss},
     keywords = {Hypersonic jets, Jets from Young Stellar Objects (YSOs), Jet/ambient density ratio, Mach number, Astrophysics - Instrumentation and Methods for Astrophysics, Astrophysics - Solar and Stellar Astrophysics},
         year = 2011,
        month = nov,
       volume = {336},
       number = {1},
        pages = {9-14},
          doi = {10.1007/s10509-011-0600-6},
archivePrefix = {arXiv},
       eprint = {1101.2960},
 primaryClass = {astro-ph.IM},
       adsurl = {https://ui.adsabs.harvard.edu/abs/2011Ap&SS.336....9B},
      adsnote = {Provided by the SAO/NASA Astrophysics Data System}
}
%-------------------------------
@article{Chakrabarti1988,
author = {Chakrabarti, S. K.},
doi = {10.1093/mnras/235.1.33},
issn = {0035-8711},
journal = {Monthly Notices of the Royal Astronomical Society},
month = {nov},
number = {1},
pages = {33--49},
title = {{On the dynamics of fluid in the working surface of a supersonic jet}},
url = {https://academic.oup.com/mnras/article-lookup/doi/10.1093/mnras/235.1.33},
volume = {235},
year = {1988}
}
%-------------------------------
@article{Singh2019,
abstract = {},
archivePrefix = {arXiv},
arxivId = {1908.11560},
author = {Singh, Balveer and Sharma, Kushagra and Srivastava, Abhishek K.},
eprint = {1908.11560},
file = {:home/fionnlagh/Documents/Spicles/1908.11560.pdf:pdf},
mendeley-groups = {interesting papaers for jets},
month = {aug},
title = {{On modelling the kinematics and evolutionary properties of pressure pulse driven impulsive solar jets}},
url = {http://arxiv.org/abs/1908.11560},
year = {2019}
}
%-------------------------------
@article{Shibata1982,
abstract = {},
author = {Shibata, Kazunari and Nishikawa, Takara and Kitai, Reizaburo and Suematsu, Yoshinori},
doi = {10.1007/BF00156100},
file = {:home/fionnlagh/.local/share/data/Mendeley Ltd./Mendeley Desktop/Downloaded/Shibata et al. - 1982 - Numerical hydrodynamics of the jet phenomena in the solar atmosphere - II. Surges.pdf:pdf},
issn = {00380938},
journal = {Solar Physics},
keywords = {Atmospheric Models,Density Distribution,Jet Flow,Magnetohydrodynamic Flow,Plasma Jets,Pressure Gradients,Shock Tubes,Shock Wave Propagation,Solar Atmosphere,Solar Physics,Spatial Distribution,Surges,Wave Generation},
month = {apr},
number = {1-2},
pages = {121--151},
publisher = {Kluwer Academic Publishers},
title = {{Numerical hydrodynamics of the jet phenomena in the solar atmosphere - II. Surges}},
volume = {77},
year = {1982}
}
%-------------------------------
@ARTICLE{kuz2017ApJ,
   author = {{Ku{\'z}ma}, B. and {Murawski}, K. and {Kayshap}, P. and {W{\'o}jcik}, D. and 
	{Srivastava}, A.~K. and {Dwivedi}, B.~N.},
    title = "{Two-fluid Numerical Simulations of Solar Spicules}",
  journal = {\apj},
archivePrefix = "arXiv",
   eprint = {1711.01383},
 primaryClass = "astro-ph.SR",
 keywords = {magnetohydrodynamics: MHD, methods: numerical, Sun: activity, Sun: corona, Sun: transition region},
     year = 2017,
    month = nov,
   volume = 849,
      eid = {78},
    pages = {78},
      doi = {10.3847/1538-4357/aa8ea1},
   adsurl = {http://adsabs.harvard.edu/abs/2017ApJ...849...78K},
  adsnote = {Provided by the SAO/NASA Astrophysics Data System}
}
%-------------------------------
@ARTICLE{Pontieu2004Natur,
   author = {{De Pontieu}, B. and {Erd{\'e}lyi}, R. and {James}, S.~P.},
    title = "{Solar chromospheric spicules from the leakage of photospheric oscillations and flows}",
  journal = {\nat},
     year = 2004,
    month = jul,
   volume = 430,
    pages = {536-539},
      doi = {10.1038/nature02749},
   adsurl = {http://adsabs.harvard.edu/abs/2004Natur.430..536D},
  adsnote = {Provided by the SAO/NASA Astrophysics Data System}
}
%-------------------------------
@ARTICLE{centeno2010,
       author = {{Centeno}, Rebecca and {Trujillo Bueno}, Javier and
         {Asensio Ramos}, Andr{\'e}s},
        title = "{On the Magnetic Field of Off-limb Spicules}",
      journal = {\apj},
     keywords = {Sun: chromosphere, Sun: magnetic fields, techniques: polarimetric, Astrophysics - Solar and Stellar Astrophysics},
         year = 2010,
        month = jan,
       volume = {708},
       number = {2},
        pages = {1579-1584},
          doi = {10.1088/0004-637X/708/2/1579},
archivePrefix = {arXiv},
       eprint = {0911.3149},
 primaryClass = {astro-ph.SR},
       adsurl = {https://ui.adsabs.harvard.edu/abs/2010ApJ...708.1579C},
      adsnote = {Provided by the SAO/NASA Astrophysics Data System}
}
%-------------------------------
@Article{suarez2015,
  author    = {D. Orozco Su{\'{a}}rez and A. Asensio Ramos and J. Trujillo Bueno},
  title     = {{HEIGHT} {VARIATION} {OF} {THE} {VECTOR} {MAGNETIC} {FIELD} {IN} {SOLAR} {SPICULES}},
  journal   = {The Astrophysical Journal},
  year      = {2015},
  volume    = {803},
  number    = {2},
  pages     = {L18},
  month     = {apr},
  abstract  = {},
  doi       = {10.1088/2041-8205/803/2/l18},
  publisher = {{IOP} Publishing},
  url       = {https://doi.org/10.1088%2F2041-8205%2F803%2F2%2Fl18},
}
%-------------------------------
@ARTICLE{Hansteen2006ApJ,
       author = {{Hansteen}, V.~H. and {De Pontieu}, B. and {Rouppe van der Voort}, L. and
         {van Noort}, M. and {Carlsson}, M.},
        title = "{Dynamic Fibrils Are Driven by Magnetoacoustic Shocks}",
      journal = {\apjl},
     keywords = {Magnetic Fields, Sun: Chromosphere, Sun: Photosphere, Astrophysics},
         year = 2006,
        month = aug,
       volume = {647},
       number = {1},
        pages = {L73-L76},
          doi = {10.1086/507452},
archivePrefix = {arXiv},
       eprint = {astro-ph/0607332},
 primaryClass = {astro-ph},
       adsurl = {https://ui.adsabs.harvard.edu/abs/2006ApJ...647L..73H},
      adsnote = {Provided by the SAO/NASA Astrophysics Data System}
}
%-------------------------
@ARTICLE{Pontieu2007PASJ,
   author = {{De Pontieu}, B. and {McIntosh}, S. and {Hansteen}, V.~H. and 
	{Carlsson}, M. and {Schrijver}, C.~J. and {Tarbell}, T.~D. and 
	{Title}, A.~M. and {Shine}, R.~A. and {Suematsu}, Y. and {Tsuneta}, S. and 
	{Katsukawa}, Y. and {Ichimoto}, K. and {Shimizu}, T. and {Nagata}, S.
	},
    title = "{A Tale of Two Spicules: The Impact of Spicules on the Magnetic Chromosphere}",
  journal = {\pasj},
archivePrefix = "arXiv",
   eprint = {0710.2934},
 keywords = {Sun: chromosphere, Sun: transition region},
     year = 2007,
    month = nov,
   volume = 59,
    pages = {S655-S662},
      doi = {10.1093/pasj/59.sp3.S655},
   adsurl = {http://adsabs.harvard.edu/abs/2007PASJ...59S.655D},
  adsnote = {Provided by the SAO/NASA Astrophysics Data System}
}
%-------------------------------
@ARTICLE{Rouppe2007ApJ660L169R,
       author = {{Rouppe van der Voort}, L.~H.~M. and {De Pontieu}, B. and {Hansteen}, V.~H. and {Carlsson}, M. and {van Noort}, M.},
        title = "{Magnetoacoustic Shocks as a Driver of Quiet-Sun Mottles}",
      journal = {\apjl},
     keywords = {Sun: Atmospheric Motions, Sun: Chromosphere, Sun: Magnetic Fields, Astrophysics},
         year = 2007,
        month = may,
       volume = {660},
       number = {2},
        pages = {L169-L172},
          doi = {10.1086/518246},
archivePrefix = {arXiv},
       eprint = {astro-ph/0703535},
 primaryClass = {astro-ph},
       adsurl = {https://ui.adsabs.harvard.edu/abs/2007ApJ...660L.169R},
      adsnote = {Provided by the SAO/NASA Astrophysics Data System}
}
%-------------------------------
@ARTICLE{Heggland2007ApJ6661277H,
       author = {{Heggland}, L. and {De Pontieu}, B. and {Hansteen}, V.~H.},
        title = "{Numerical Simulations of Shock Wave-driven Chromospheric Jets}",
      journal = {\apj},
     keywords = {Magnetic Fields, Magnetohydrodynamics: MHD, Shock Waves, Sun: Chromosphere, Astrophysics},
         year = 2007,
        month = sep,
       volume = {666},
       number = {2},
        pages = {1277-1283},
          doi = {10.1086/518828},
archivePrefix = {arXiv},
       eprint = {astro-ph/0703498},
 primaryClass = {astro-ph},
       adsurl = {https://ui.adsabs.harvard.edu/abs/2007ApJ...666.1277H},
      adsnote = {Provided by the SAO/NASA Astrophysics Data System}
}
%-------------------------------
@ARTICLE{Dover2020ApJ90572D,
       author = {{Dover}, Fionnlagh Mackenzie and {Sharma}, Rahul and {Kors{\'o}s}, Marianna B. and {Erd{\'e}lyi}, Robertus},
        title = "{Signatures of Cross-sectional Width Modulation in Solar Spicules due to Field-aligned Flows}",
      journal = {\apj},
     keywords = {The Sun, Solar spicules, Solar chromosphere, 1693, 1525, 1479},
         year = 2020,
        month = dec,
       volume = {905},
       number = {1},
          eid = {72},
        pages = {72},
          doi = {10.3847/1538-4357/abc349},
       adsurl = {https://ui.adsabs.harvard.edu/abs/2020ApJ...905...72D},
      adsnote = {Provided by the SAO/NASA Astrophysics Data System}
}
%-------------------------------
@ARTICLE{Scullion2011ApJ74314S,
       author = {{Scullion}, E. and {Erd{\'e}lyi}, R. and {Fedun}, V. and {Doyle}, J.~G.},
        title = "{The Response of A Three-dimensional Solar Atmosphere to Wave-driven Jets}",
      journal = {\apj},
     keywords = {methods: numerical, methods: observational, Sun: transition region, techniques: image processing, techniques: spectroscopic},
         year = 2011,
        month = dec,
       volume = {743},
       number = {1},
          eid = {14},
        pages = {14},
          doi = {10.1088/0004-637X/743/1/14},
       adsurl = {https://ui.adsabs.harvard.edu/abs/2011ApJ...743...14S},
      adsnote = {Provided by the SAO/NASA Astrophysics Data System}
}
%-------------------------------
@article{Martinez-Sykora2017,
author = {Mart{\'{i}}nez-Sykora, J and {De Pontieu}, B and Hansteen, V H and {Rouppe van der Voort}, L and Carlsson, M and Pereira, T M D},
doi = {10.1126/science.aah5412},
issn = {1095-9203},
journal = {Science (New York, N.Y.)},
month = {jun},
number = {6344},
pages = {1269--1272},
pmid = {28642434},
publisher = {American Association for the Advancement of Science},
title = {{On the generation of solar spicules and Alfv{\'{e}}nic waves.}},
url = {http://www.ncbi.nlm.nih.gov/pubmed/28642434},
volume = {356},
year = {2017}
}
%-------------------------------
@ARTICLE{Pontieu2017ApJ,
       author = {{De Pontieu}, B. and {De Moortel}, I. and {Martinez-Sykora}, J. and
         {McIntosh}, S.~W.},
        title = "{Observations and Numerical Models of Solar Coronal Heating Associated with Spicules}",
      journal = {\apjl},
     keywords = {Sun: chromosphere, Sun: corona, Sun: magnetic fields, Sun: transition region, Astrophysics - Solar and Stellar Astrophysics},
         year = 2017,
        month = aug,
       volume = {845},
       number = {2},
          eid = {L18},
        pages = {L18},
          doi = {10.3847/2041-8213/aa7fb4},
archivePrefix = {arXiv},
       eprint = {1710.06790},
 primaryClass = {astro-ph.SR},
       adsurl = {https://ui.adsabs.harvard.edu/abs/2017ApJ...845L..18D},
      adsnote = {Provided by the SAO/NASA Astrophysics Data System}
}
%-------------------------------
@ARTICLE{Samanta2019Sci,
       author = {{Samanta}, Tanmoy and {Tian}, Hui and {Yurchyshyn}, Vasyl and
         {Peter}, Hardi and {Cao}, Wenda and {Sterling}, Alphonse and
         {Erd{\'e}lyi}, Robertus and {Ahn}, Kwangsu and {Feng}, Song and
         {Utz}, Dominik and {Banerjee}, Dipankar and {Chen}, Yajie},
        title = "{Generation of solar spicules and subsequent atmospheric heating}",
      journal = {Science},
     keywords = {ASTRONOMY; PHYSICS},
         year = 2019,
        month = nov,
       volume = {366},
       number = {6467},
        pages = {890-894},
          doi = {10.1126/science.aaw2796},
       adsurl = {https://ui.adsabs.harvard.edu/abs/2019Sci...366..890S},
      adsnote = {Provided by the SAO/NASA Astrophysics Data System}
}
%-------------------------------
@ARTICLE{Zuo2019AcASn,
       author = {{Zuo}, Z.~H. and {Li}, Y. and {Sha}, J.~H. and {Zhou}, T.~H.},
        title = "{A Solar Jet Triggered by a Decaying Satellite Sunspot}",
      journal = {Acta Astronomica Sinica},
     keywords = {solar: jet, solar: magnetic reconnection, solar: corona},
         year = 2019,
        month = nov,
       volume = {60},
       number = {6},
          eid = {56},
        pages = {56},
       adsurl = {https://ui.adsabs.harvard.edu/abs/2019AcASn..60...56Z},
      adsnote = {Provided by the SAO/NASA Astrophysics Data System}
}
%-------------------------------
@ARTICLE{Bale2019Natur,
       author = {{Bale}, S.~D. and {Badman}, S.~T. and {Bonnell}, J.~W. and
         {Bowen}, T.~A. and {Burgess}, D. and {Case}, A.~W. and
         {Cattell}, C.~A. and {Chandran}, B.~D.~G. and {Chaston}, C.~C. and
         {Chen}, C.~H.~K. and {Drake}, J.~F. and {de Wit}, T. Dudok and
         {Eastwood}, J.~P. and {Ergun}, R.~E. and {Farrell}, W.~M. and
         {Fong}, C. and {Goetz}, K. and {Goldstein}, M. and {Goodrich}, K.~A. and
         {Harvey}, P.~R. and {Horbury}, T.~S. and {Howes}, G.~G. and
         {Kasper}, J.~C. and {Kellogg}, P.~J. and {Klimchuk}, J.~A. and
         {Korreck}, K.~E. and {Krasnoselskikh}, V.~V. and {Krucker}, S. and
         {Laker}, R. and {Larson}, D.~E. and {MacDowall}, R.~J. and
         {Maksimovic}, M. and {Malaspina}, D.~M. and {Martinez-Oliveros}, J. and
         {McComas}, D.~J. and {Meyer-Vernet}, N. and {Moncuquet}, M. and
         {Mozer}, F.~S. and {Phan}, T.~D. and {Pulupa}, M. and {Raouafi}, N.~E. and
         {Salem}, C. and {Stansby}, D. and {Stevens}, M. and {Szabo}, A. and
         {Velli}, M. and {Woolley}, T. and {Wygant}, J.~R.},
        title = "{Highly structured slow solar wind emerging from an equatorial coronal hole}",
      journal = {\nat},
         year = 2019,
        month = dec,
       volume = {576},
       number = {7786},
        pages = {237-242},
          doi = {10.1038/s41586-019-1818-7},
       adsurl = {https://ui.adsabs.harvard.edu/abs/2019Natur.576..237B},
      adsnote = {Provided by the SAO/NASA Astrophysics Data System}
}
%-------------------------------
@ARTICLE{Kudoh1999ApJ514493K,
       author = {{Kudoh}, Takahiro and {Shibata}, Kazunari},
        title = "{Alfv{\'e}n Wave Model of Spicules and Coronal Heating}",
      journal = {\apj},
     keywords = {MAGNETOHYDRODYNAMICS: MHD, SUN: CORONA, WAVES, Magnetohydrodynamics: MHD, Sun: Corona, Waves},
         year = 1999,
        month = mar,
       volume = {514},
       number = {1},
        pages = {493-505},
          doi = {10.1086/306930},
       adsurl = {https://ui.adsabs.harvard.edu/abs/1999ApJ...514..493K},
      adsnote = {Provided by the SAO/NASA Astrophysics Data System}
}
%-------------------------------
@ARTICLE{Kukhianidze2006AA449L35K,
       author = {{Kukhianidze}, V. and {Zaqarashvili}, T.~V. and {Khutsishvili}, E.},
        title = "{Observation of kink waves in solar spicules}",
      journal = {\aap},
     keywords = {Sun: chromosphere, Sun: oscillations, Astrophysics},
         year = 2006,
        month = apr,
       volume = {449},
       number = {2},
        pages = {L35-L38},
          doi = {10.1051/0004-6361:200600018},
archivePrefix = {arXiv},
       eprint = {astro-ph/0602534},
 primaryClass = {astro-ph},
       adsurl = {https://ui.adsabs.harvard.edu/abs/2006A&A...449L..35K},
      adsnote = {Provided by the SAO/NASA Astrophysics Data System}
}
%-------------------------------
@ARTICLE{Moore2011ApJ731L18M,
       author = {{Moore}, Ronald L. and {Sterling}, Alphonse C. and {Cirtain}, Jonathan W. and {Falconer}, David A.},
        title = "{Solar X-ray Jets, Type-II Spicules, Granule-size Emerging Bipoles, and the Genesis of the Heliosphere}",
      journal = {\apjl},
     keywords = {Sun: activity, Sun: chromosphere, Sun: corona, Sun: heliosphere, Sun: magnetic topology, Sun: surface magnetism},
         year = 2011,
        month = apr,
       volume = {731},
       number = {1},
          eid = {L18},
        pages = {L18},
          doi = {10.1088/2041-8205/731/1/L18},
       adsurl = {https://ui.adsabs.harvard.edu/abs/2011ApJ...731L..18M},
      adsnote = {Provided by the SAO/NASA Astrophysics Data System}
}

@ARTICLE{Zaqarashvili2007AA474627Z,
       author = {{Zaqarashvili}, T.~V. and {Khutsishvili}, E. and {Kukhianidze}, V. and {Ramishvili}, G.},
        title = "{Doppler-shift oscillations in solar spicules}",
      journal = {\aap},
     keywords = {Sun: chromosphere, Sun: oscillations, Astrophysics},
         year = 2007,
        month = nov,
       volume = {474},
       number = {2},
        pages = {627-632},
          doi = {10.1051/0004-6361:20077661},
archivePrefix = {arXiv},
       eprint = {0708.2057},
 primaryClass = {astro-ph},
       adsurl = {https://ui.adsabs.harvard.edu/abs/2007A&A...474..627Z},
      adsnote = {Provided by the SAO/NASA Astrophysics Data System}
}
%-------------------------------
@ARTICLE{He2009AA497525H,
       author = {{He}, J. -S. and {Tu}, C. -Y. and {Marsch}, E. and {Guo}, L. -J. and {Yao}, S. and {Tian}, H.},
        title = "{Upward propagating high-frequency Alfv{\'e}n waves as identified from dynamic wave-like spicules observed by SOT on Hinode}",
      journal = {\aap},
     keywords = {waves, Sun: chromosphere, Sun: transition region, Sun: solar wind},
         year = 2009,
        month = apr,
       volume = {497},
       number = {2},
        pages = {525-535},
          doi = {10.1051/0004-6361/200810777},
       adsurl = {https://ui.adsabs.harvard.edu/abs/2009A&A...497..525H},
      adsnote = {Provided by the SAO/NASA Astrophysics Data System}
}

%-------------------------------
@INPROCEEDINGS{Scharmer2003SPIE4853341S,
       author = {{Scharmer}, Goran B. and {Bjelksjo}, Klas and {Korhonen}, Tapio K. and {Lindberg}, Bo and {Petterson}, Bertil},
        title = "{The 1-meter Swedish solar telescope}",
    booktitle = {Innovative Telescopes and Instrumentation for Solar Astrophysics},
         year = 2003,
       editor = {{Keil}, Stephen L. and {Avakyan}, Sergey V.},
       series = {Society of Photo-Optical Instrumentation Engineers (SPIE) Conference Series},
       volume = {4853},
        month = feb,
        pages = {341-350},
          doi = {10.1117/12.460377},
       adsurl = {https://ui.adsabs.harvard.edu/abs/2003SPIE.4853..341S},
      adsnote = {Provided by the SAO/NASA Astrophysics Data System}
}
%-------------------------------
@ARTICLE{Berger2003ApJ,
       author = {{Berger}, T.~E. and {Berdyugina}, S.~V.},
        title = "{The Observation of Sunspot Light-Bridge Structure and Dynamics}",
      journal = {\apjl},
     keywords = {Instrumentation: High Angular Resolution, Sun: Atmospheric Motions, Sun: Magnetic Fields, Sun: Photosphere, Sun: Sunspots},
         year = 2003,
        month = jun,
       volume = {589},
       number = {2},
        pages = {L117-L121},
          doi = {10.1086/376494},
       adsurl = {https://ui.adsabs.harvard.edu/abs/2003ApJ...589L.117B},
      adsnote = {Provided by the SAO/NASA Astrophysics Data System}
}
%-------------------------------
@ARTICLE{Rimmele2020SoPh,
       author = {{Rimmele}, Thomas R. and {Warner}, Mark and {Keil}, Stephen L. and {Goode}, Philip R. and {Kn{\"o}lker}, Michael and {Kuhn}, Jeffrey R. and {Rosner}, Robert R. and {McMullin}, Joseph P. and {Casini}, Roberto and {Lin}, Haosheng and {W{\"o}ger}, Friedrich and {von der L{\"u}he}, Oskar and {Tritschler}, Alexandra and {Davey}, Alisdair and {de Wijn}, Alfred and {Elmore}, David F. and {Fehlmann}, Andr{\'e} and {Harrington}, David M. and {Jaeggli}, Sarah A. and {Rast}, Mark P. and {Schad}, Thomas A. and {Schmidt}, Wolfgang and {Mathioudakis}, Mihalis and {Mickey}, Donald L. and {Anan}, Tetsu and {Beck}, Christian and {Marshall}, Heather K. and {Jeffers}, Paul F. and {Oschmann}, Jacobus M. and {Beard}, Andrew and {Berst}, David C. and {Cowan}, Bruce A. and {Craig}, Simon C. and {Cross}, Eric and {Cummings}, Bryan K. and {Donnelly}, Colleen and {de Vanssay}, Jean-Benoit and {Eigenbrot}, Arthur D. and {Ferayorni}, Andrew and {Foster}, Christopher and {Galapon}, Chriselle Ann and {Gedrites}, Christopher and {Gonzales}, Kerry and {Goodrich}, Bret D. and {Gregory}, Brian S. and {Guzman}, Stephanie S. and {Guzzo}, Stephen and {Hegwer}, Steve and {Hubbard}, Robert P. and {Hubbard}, John R. and {Johansson}, Erik M. and {Johnson}, Luke C. and {Liang}, Chen and {Liang}, Mary and {McQuillen}, Isaac and {Mayer}, Christopher and {Newman}, Karl and {Onodera}, Brialyn and {Phelps}, LeEllen and {Puentes}, Myles M. and {Richards}, Christopher and {Rimmele}, Lukas M. and {Sekulic}, Predrag and {Shimko}, Stephan R. and {Simison}, Brett E. and {Smith}, Brett and {Starman}, Erik and {Sueoka}, Stacey R. and {Summers}, Richard T. and {Szabo}, Aimee and {Szabo}, Louis and {Wampler}, Stephen B. and {Williams}, Timothy R. and {White}, Charles},
        title = "{The Daniel K. Inouye Solar Telescope - Observatory Overview}",
      journal = {\solphys},
     keywords = {Telescopes, Instrumentation, Sun, Magnetic fields, Photosphere, Chromosphere, Corona},
         year = 2020,
        month = dec,
       volume = {295},
       number = {12},
          eid = {172},
        pages = {172},
          doi = {10.1007/s11207-020-01736-7},
       adsurl = {https://ui.adsabs.harvard.edu/abs/2020SoPh..295..172R},
      adsnote = {Provided by the SAO/NASA Astrophysics Data System}
}
%-------------------------------
@ARTICLE{Rast2020arXiv,
       author = {{Rast}, Mark P. and {Bello Gonz{\'a}lez}, Nazaret and {Bellot Rubio}, Luis and {Cao}, Wenda and {Cauzzi}, Gianna and {DeLuca}, Edward and {De Pontieu}, Bart and {Fletcher}, Lyndsay and {Gibson}, Sarah E. and {Judge}, Philip G. and {Katsukawa}, Yukio and {Kazachenko}, Maria D. and {Khomenko}, Elena and {Landi}, Enrico and {Mart{\'\i}nez Pillet}, Valentin and {Petrie}, Gordon J.~D. and {Qiu}, Jiong and {Rachmeler}, Laurel A. and {Rempel}, Matthias and {Schmidt}, Wolfgang and {Scullion}, Eamon and {Sun}, Xudong and {Welsch}, Brian T. and {Andretta}, Vincenzo and {Antolin}, Patrick and {Ayres}, Thomas R. and {Balasubramaniam}, K.~S. and {Ballai}, Istvan and {Berger}, Thomas E. and {Bradshaw}, Stephen J. and {Carlsson}, Mats and {Casini}, Roberto and {Centeno}, Rebecca and {Cranmer}, Steven R. and {DeForest}, Craig and {Deng}, Yuanyong and {Erd{\'e}lyi}, Robertus and {Fedun}, Viktor and {Fischer}, Catherine E. and {Gonz{\'a}lez Manrique}, Sergio J. and {Hahn}, Michael and {Harra}, Louise and {Henriques}, Vasco M.~J. and {Hurlburt}, Neal E. and {Jaeggli}, Sarah and {Jafarzadeh}, Shahin and {Jain}, Rekha and {Jefferies}, Stuart M. and {Keys}, Peter H. and {Kowalski}, Adam F. and {Kuckein}, Christoph and {Kuhn}, Jeffrey R. and {Liu}, Jiajia and {Liu}, Wei and {Longcope}, Dana and {McAteer}, R.~T. James and {McIntosh}, Scott W. and {McKenzie}, David E. and {Miralles}, Mari Paz and {Morton}, Richard J. and {Muglach}, Karin and {Nelson}, Chris J. and {Panesar}, Navdeep K. and {Parenti}, Susanna and {Parnell}, Clare E. and {Poduval}, Bala and {Reardon}, Kevin P. and {Reep}, Jeffrey W. and {Schad}, Thomas A. and {Schmit}, Donald and {Sharma}, Rahul and {Socas-Navarro}, Hector and {Srivastava}, Abhishek K. and {Sterling}, Alphonse C. and {Suematsu}, Yoshinori and {Tarr}, Lucas A. and {Tiwari}, Sanjiv and {Tritschler}, Alexandra and {Verth}, Gary and {Vourlidas}, Angelos and {Wang}, Haimin and {Wang}, Yi-Ming and {NSO} and {project}, DKIST and {instrument scientists}, DKIST and {the DKIST Science Working Group} and {DKIST Critical Science Plan Community}, the},
        title = "{Critical Science Plan for the Daniel K. Inouye Solar Telescope (DKIST)}",
      journal = {arXiv e-prints},
     keywords = {Astrophysics - Solar and Stellar Astrophysics},
         year = 2020,
        month = aug,
          eid = {arXiv:2008.08203},
        pages = {arXiv:2008.08203},
archivePrefix = {arXiv},
       eprint = {2008.08203},
 primaryClass = {astro-ph.SR},
       adsurl = {https://ui.adsabs.harvard.edu/abs/2020arXiv200808203R},
      adsnote = {Provided by the SAO/NASA Astrophysics Data System}
}

%-------------------------------
@ARTICLE{dePontieu2011Sci33155D,
       author = {{De Pontieu}, B. and {McIntosh}, S.~W. and {Carlsson}, M. and {Hansteen}, V.~H. and {Tarbell}, T.~D. and {Boerner}, P. and {Martinez-Sykora}, J. and {Schrijver}, C.~J. and {Title}, A.~M.},
        title = "{The Origins of Hot Plasma in the Solar Corona}",
      journal = {Science},
     keywords = {ASTRONOMY},
         year = 2011,
        month = jan,
       volume = {331},
       number = {6013},
        pages = {55},
          doi = {10.1126/science.1197738},
       adsurl = {https://ui.adsabs.harvard.edu/abs/2011Sci...331...55D},
      adsnote = {Provided by the SAO/NASA Astrophysics Data System}
}
%-------------------------------
@ARTICLE{Withbroe1977ARAA15363W,
       author = {{Withbroe}, G.~L. and {Noyes}, R.~W.},
        title = "{Mass and energy flow in the solar chromosphere and corona.}",
      journal = {\araa},
     keywords = {Chromosphere, Energy Dissipation, Mass Flow, Solar Atmosphere, Solar Corona, Solar Magnetic Field, Atmospheric Boundary Layer, Atmospheric Heating, Bibliographies, Magnetic Field Configurations, Solar Temperature, Spicules, Stellar Models, Ultraviolet Spectra, Solar Physics},
         year = 1977,
        month = jan,
       volume = {15},
        pages = {363-387},
          doi = {10.1146/annurev.aa.15.090177.002051},
       adsurl = {https://ui.adsabs.harvard.edu/abs/1977ARA&A..15..363W},
      adsnote = {Provided by the SAO/NASA Astrophysics Data System}
}

@ARTICLE{Athay1982ApJ255743A,
       author = {{Athay}, R.~G. and {Holzer}, T.~E.},
        title = "{The role of spicules in heating the solar atmosphere}",
      journal = {\apj},
     keywords = {Solar Atmosphere, Solar Corona, Solar Temperature, Spicules, Chromosphere, Internal Energy, Potential Energy, Radiative Heat Transfer, Solar Gravitation, Solar Magnetic Field, Thermal Energy, Solar Physics},
         year = 1982,
        month = apr,
       volume = {255},
        pages = {743-752},
          doi = {10.1086/159873},
       adsurl = {https://ui.adsabs.harvard.edu/abs/1982ApJ...255..743A},
      adsnote = {Provided by the SAO/NASA Astrophysics Data System}
}
%-------------------------------
@ARTICLE{Judge_2010ApJ,
   author = {{Judge}, P.~G. and {Carlsson}, M.},
    title = "{On the Solar Chromosphere Observed at the LIMB with Hinode}",
  journal = {\apj},
archivePrefix = "arXiv",
   eprint = {1004.1398},
 primaryClass = "astro-ph.SR",
 keywords = {Sun: chromosphere},
     year = 2010,
    month = aug,
   volume = 719,
    pages = {469-473},
      doi = {10.1088/0004-637X/719/1/469},
   adsurl = {http://adsabs.harvard.edu/abs/2010ApJ...719..469J},
  adsnote = {Provided by the SAO/NASA Astrophysics Data System}
}
%-------------------------------
%-------------------------------
%-------------------------------
%-------------------------------
%-------------------------------
%-------------------------------
%-------------------------------
