%
% A
%
%added!!!!!!!

@ARTICLE{Doorsselaere2016FrASS34V,
       author = {{Van Doorsselaere}, Tom and {Antolin}, Patrick and {Yuan}, Ding and {Reznikova}, Veronika and {Magyar}, Norbert},
        title = "{Forward modelling of optically thin coronal plasma with the FoMo tool}",
      journal = {Frontiers in Astronomy and Space Sciences},
     keywords = {Solar physics, Forward modelling, EUV emission, Gyrosynchrotron emission, methods},
         year = 2016,
        month = feb,
       volume = {3},
          eid = {4},
        pages = {4},
          doi = {10.3389/fspas.2016.00004},
       adsurl = {https://ui.adsabs.harvard.edu/abs/2016FrASS...3....4V},
      adsnote = {Provided by the SAO/NASA Astrophysics Data System}
}


@ARTICLE{Avrett2008ApJS175229A,
       author = {{Avrett}, Eugene H. and {Loeser}, Rudolf},
        title = "{Models of the Solar Chromosphere and Transition Region from SUMER and HRTS Observations: Formation of the Extreme-Ultraviolet Spectrum of Hydrogen, Carbon, and Oxygen}",
      journal = {\apjs},
     keywords = {atomic data, line: profiles, radiative transfer, Sun: chromosphere, Sun: transition region, Sun: UV radiation},
         year = 2008,
        month = mar,
       volume = {175},
       number = {1},
        pages = {229-276},
          doi = {10.1086/523671},
       adsurl = {https://ui.adsabs.harvard.edu/abs/2008ApJS..175..229A},
      adsnote = {Provided by the SAO/NASA Astrophysics Data System}
}

@Article{Sterling1990ApJ349647S,
  Title                    = {{Numerical Simulations of the Rebound Shock Model for Solar Spicules}},
  Author                   = {{Sterling}, Alphonse C. and {Mariska}, John T.},
  Journal                  = {\apj},
  Year                     = {1990},

  Month                    = feb,
  Pages                    = {647},
  Volume                   = {349},

  Adsnote                  = {Provided by the SAO/NASA Astrophysics Data System},
  Adsurl                   = {https://ui.adsabs.harvard.edu/abs/1990ApJ...349..647S},
  Doi                      = {10.1086/168352},
  Keywords                 = {Magnetic Flux, Shock Wave Propagation, Solar Corona, Solar Granulation, Astronomical Models, Chromosphere, Temperature Distribution, Solar Physics, SHOCK WAVES, SUN: CHROMOSPHERE, SUN: GRANULATION}
}


@Article{kuzma2017ApJ84978K,
  Title                    = {{Two-fluid Numerical Simulations of Solar Spicules}},
  Author                   = {{Ku{\'z}ma}, B{\l}a{\.z}ej and {Murawski}, Kris and {Kayshap}, Pradeep and
 {W{\'o}jcik}, Darek and {Srivastava}, Abhishek Kumar and
 {Dwivedi}, Bhola N.},
  Journal                  = {\apj},
  Year                     = {2017},

  Month                    = nov,
  Number                   = {2},
  Pages                    = {78},
  Volume                   = {849},

  Adsnote                  = {Provided by the SAO/NASA Astrophysics Data System},
  Adsurl                   = {https://ui.adsabs.harvard.edu/abs/2017ApJ...849...78K},
  Archiveprefix            = {arXiv},
  Doi                      = {10.3847/1538-4357/aa8ea1},
  Eid                      = {78},
  Eprint                   = {1711.01383},
  Keywords                 = {magnetohydrodynamics: MHD, methods: numerical, Sun: activity, Sun: corona, Sun: transition region, Astrophysics - Solar and Stellar Astrophysics},
  Primaryclass             = {astro-ph.SR}
}

@ARTICLE{Vernazza1981ApJS45635V,
       author = {{Vernazza}, J.~E. and {Avrett}, E.~H. and {Loeser}, R.},
        title = "{Structure of the solar chromosphere. III. Models of the EUV brightness components of the quiet sun.}",
      journal = {\apjs},
     keywords = {Atmospheric Models, Brightness Temperature, Chromosphere, Extreme Ultraviolet Radiation, Nonequilibrium Thermodynamics, Radiative Heat Transfer, Solar Atmosphere, Ultraviolet Spectra, Atmospheric Heating, Atomic Energy Levels, Carbon, Graphs (Charts), Hydrogen Atoms, Iron, Lyman Spectra, Solar Temperature, Tables (Data), Solar Physics},
         year = 1981,
        month = apr,
       volume = {45},
        pages = {635-725},
          doi = {10.1086/190731},
       adsurl = {https://ui.adsabs.harvard.edu/abs/1981ApJS...45..635V},
      adsnote = {Provided by the SAO/NASA Astrophysics Data System}
}

@ARTICLE{Matsumoto772L1M,
       author = {{Matsumoto}, Jin and {Masada}, Youhei},
        title = "{Two-dimensional Numerical Study for Rayleigh-Taylor and Richtmyer-Meshkov Instabilities in Relativistic Jets}",
      journal = {\apjl},
     keywords = {galaxies: jets, instabilities, methods: numerical, relativistic processes, shock waves, Astrophysics - High Energy Astrophysical Phenomena},
         year = 2013,
        month = jul,
       volume = {772},
       number = {1},
          eid = {L1},
        pages = {L1},
          doi = {10.1088/2041-8205/772/1/L1},
archivePrefix = {arXiv},
       eprint = {1306.1046},
 primaryClass = {astro-ph.HE},
       adsurl = {https://ui.adsabs.harvard.edu/abs/2013ApJ...772L...1M},
      adsnote = {Provided by the SAO/NASA Astrophysics Data System}
}

@ARTICLE{dePontieu2012ApJ752L12D,
       author = {{De Pontieu}, B. and {Carlsson}, M. and {Rouppe van der Voort}, L.~H.~M. and {Rutten}, R.~J. and {Hansteen}, V.~H. and {Watanabe}, H.},
        title = "{Ubiquitous Torsional Motions in Type II Spicules}",
      journal = {\apjl},
     keywords = {Sun: chromosphere, Sun: corona, Sun: magnetic topology, Sun: oscillations, Astrophysics - Solar and Stellar Astrophysics},
         year = 2012,
        month = jun,
       volume = {752},
       number = {1},
          eid = {L12},
        pages = {L12},
          doi = {10.1088/2041-8205/752/1/L12},
archivePrefix = {arXiv},
       eprint = {1205.5006},
 primaryClass = {astro-ph.SR},
       adsurl = {https://ui.adsabs.harvard.edu/abs/2012ApJ...752L..12D},
      adsnote = {Provided by the SAO/NASA Astrophysics Data System}
}
