%
% A
%
%added!!!!!!!
% need to fix all arXiv refs
@ARTICLE{toth1996ApLC34245T,
       author = {{T{\'o}th}, G.},
        title = "{A General Code for Modeling MHD Flows on Parallel Computers: Versatile Advection Code}",
      journal = {Astrophysical Letters and Communications},
         year = 1996,
        month = jan,
       volume = {34},
        pages = {245},
       adsurl = {https://ui.adsabs.harvard.edu/abs/1996ApL&C..34..245T},
      adsnote = {Provided by the SAO/NASA Astrophysics Data System}
}


@Article{Smirnova2016SoPh2913207S,
  Title                    = {{Numerical Simulations of Solar Spicule Jets at a Magnetic Null-Point}},
  Author                   = {{Smirnova}, V. and {Konkol}, P.~M. and {Solov'ev}, A.~A. and
 {Murawski}, K.},
  Journal                  = {\solphys},
  Year                     = {2016},

  Month                    = nov,
  Number                   = {11},
  Pages                    = {3207-3216},
  Volume                   = {291},

  Adsnote                  = {Provided by the SAO/NASA Astrophysics Data System},
  Adsurl                   = {https://ui.adsabs.harvard.edu/abs/2016SoPh..291.3207S},
  Doi                      = {10.1007/s11207-016-0976-0},
  Keywords                 = {MHD instabilities, Sun: chromosphere, transition region}
}

@ARTICLE{Kuzma2017AA597A133K,
       author = {{Ku{\'z}ma}, B. and {Murawski}, K. and {Zaqarashvili}, T.~V. and {Konkol}, P. and {Mignone}, A.},
        title = "{Numerical simulations of solar spicules: Adiabatic and non-adiabatic studies}",
      journal = {\aap},
     keywords = {Sun: activity, magnetohydrodynamics (MHD), methods: numerical, Sun: corona, Sun: transition region},
         year = 2017,
        month = jan,
       volume = {597},
          eid = {A133},
        pages = {A133},
          doi = {10.1051/0004-6361/201628747},
       adsurl = {https://ui.adsabs.harvard.edu/abs/2017A&A...597A.133K},
      adsnote = {Provided by the SAO/NASA Astrophysics Data System}
}

@ARTICLE{Murawski2010AA519A8M,
       author = {{Murawski}, K. and {Zaqarashvili}, T.~V.},
        title = "{Numerical simulations of spicule formation in the solar atmosphere}",
      journal = {\aap},
     keywords = {magnetohydrodynamics (MHD), instabilities, Sun: atmosphere, Astrophysics - Solar and Stellar Astrophysics},
         year = 2010,
        month = sep,
       volume = {519},
          eid = {A8},
        pages = {A8},
          doi = {10.1051/0004-6361/201014128},
archivePrefix = {arXiv},
       eprint = {1005.5624},
 primaryClass = {astro-ph.SR},
       adsurl = {https://ui.adsabs.harvard.edu/abs/2010A&A...519A...8M},
      adsnote = {Provided by the SAO/NASA Astrophysics Data System}
}


@ARTICLE{Suematsu1982SoPh7599S,
       author = {{Suematsu}, Y. and {Shibata}, K. and {Neshikawa}, T. and {Kitai}, R.},
        title = "{Numerical Hydrodynamics of the Jet Phenomena in the Solar Atmosphere - Part One - Spicules}",
      journal = {\solphys},
     keywords = {Hydrodynamic Equations, Magnetohydrodynamics, Solar Atmosphere, Solar Physics, Spicules, Adiabatic Conditions, Numerical Flow Visualization, Photosphere, Plasma Jets, Shock Wave Generators, Solar Corona, Solar Physics},
         year = 1982,
        month = jan,
       volume = {75},
       number = {1-2},
        pages = {99-118},
          doi = {10.1007/BF00153464},
       adsurl = {https://ui.adsabs.harvard.edu/abs/1982SoPh...75...99S},
      adsnote = {Provided by the SAO/NASA Astrophysics Data System}
}

@ARTICLE{Hollweg1982ApJ257345H,
       author = {{Hollweg}, J.~V.},
        title = "{On the origin of solar spicules}",
      journal = {\apj},
     keywords = {Chromosphere, Magnetic Flux, Shock Wave Propagation, Solar Magnetic Field, Spicules, Gravity Waves, Photosphere, Shock Heating, Solar Atmosphere, Sound Waves, Stellar Oscillations, Solar Physics},
         year = 1982,
        month = jun,
       volume = {257},
        pages = {345-353},
          doi = {10.1086/159993},
       adsurl = {https://ui.adsabs.harvard.edu/abs/1982ApJ...257..345H},
      adsnote = {Provided by the SAO/NASA Astrophysics Data System}
}


@Article{Sterling1990ApJ349647S,
  Title                    = {{Numerical Simulations of the Rebound Shock Model for Solar Spicules}},
  Author                   = {{Sterling}, Alphonse C. and {Mariska}, John T.},
  Journal                  = {\apj},
  Year                     = {1990},

  Month                    = feb,
  Pages                    = {647},
  Volume                   = {349},

  Adsnote                  = {Provided by the SAO/NASA Astrophysics Data System},
  Adsurl                   = {https://ui.adsabs.harvard.edu/abs/1990ApJ...349..647S},
  Doi                      = {10.1086/168352},
  Keywords                 = {Magnetic Flux, Shock Wave Propagation, Solar Corona, Solar Granulation, Astronomical Models, Chromosphere, Temperature Distribution, Solar Physics, SHOCK WAVES, SUN: CHROMOSPHERE, SUN: GRANULATION}
}

@Article{Matsumoto2010ApJ7101857M,
  Title                    = {{Nonlinear Propagation of Alfv{\'e}n Waves Driven by Observed Photospheric Motions: Application to the Coronal Heating and Spicule Formation}},
  Author                   = {{Matsumoto}, Takuma and {Shibata}, Kazunari},
  Journal                  = {\apj},
  Year                     = {2010},

  Month                    = feb,
  Number                   = {2},
  Pages                    = {1857-1867},
  Volume                   = {710},

  Adsnote                  = {Provided by the SAO/NASA Astrophysics Data System},
  Adsurl                   = {https://ui.adsabs.harvard.edu/abs/2010ApJ...710.1857M},
  Archiveprefix            = {arXiv},
  Doi                      = {10.1088/0004-637X/710/2/1857},
  Eprint                   = {1001.4307},
  Keywords                 = {solar wind, Sun: corona, Sun: granulation, Sun: oscillations, Sun: photosphere, Sun: transition region, Astrophysics - Solar and Stellar Astrophysics},
  Primaryclass             = {astro-ph.SR}
}

@Article{Yokoyama1995Natur37542Y,
  Title                    = {{Magnetic reconnection as the origin of X-ray jets and H{\ensuremath{\alpha}} surges on the Sun}},
  Author                   = {{Yokoyama}, Takaaki and {Shibata}, Kazunari},
  Journal                  = {\nat},
  Year                     = {1995},

  Month                    = may,
  Number                   = {6526},
  Pages                    = {42-44},
  Volume                   = {375},

  Adsnote                  = {Provided by the SAO/NASA Astrophysics Data System},
  Adsurl                   = {https://ui.adsabs.harvard.edu/abs/1995Natur.375...42Y},
  Doi                      = {10.1038/375042a0}
}

@Article{Yokoyama1996PASJ48353Y,
  Title                    = {{Numerical Simulation of Solar Coronal X-Ray Jets Based on the Magnetic Reconnection Model}},
  Author                   = {{Yokoyama}, Takaaki and {Shibata}, Kazunari},
  Journal                  = {\pasj},
  Year                     = {1996},

  Month                    = apr,
  Pages                    = {353-376},
  Volume                   = {48},

  Adsnote                  = {Provided by the SAO/NASA Astrophysics Data System},
  Adsurl                   = {https://ui.adsabs.harvard.edu/abs/1996PASJ...48..353Y},
  Doi                      = {10.1093/pasj/48.2.353},
  Keywords                 = {MAGNETOHYDRODYNAMICS, NUMERICAL METHODS, SUN: CORONA, SUN: FLARES, SUN: X-RAYS}
}

@Article{Archontis2005ApJ6351299A,
  Title                    = {{The Three-dimensional Interaction between Emerging Magnetic Flux and a Large-Scale Coronal Field: Reconnection, Current Sheets, and Jets}},
  Author                   = {{Archontis}, V. and {Moreno-Insertis}, F. and {Galsgaard}, K. and
 {Hood}, A.~W.},
  Journal                  = {\apj},
  Year                     = {2005},

  Month                    = dec,
  Number                   = {2},
  Pages                    = {1299-1318},
  Volume                   = {635},

  Adsnote                  = {Provided by the SAO/NASA Astrophysics Data System},
  Adsurl                   = {https://ui.adsabs.harvard.edu/abs/2005ApJ...635.1299A},
  Doi                      = {10.1086/497533},
  Keywords                 = {Methods: Numerical, Sun: Activity, Sun: Corona, Sun: Magnetic Fields}
}

@Article{Isobe2008ApJ679L57I,
  Title                    = {{Convection-driven Emergence of Small-Scale Magnetic Fields and their Role in Coronal Heating and Solar Wind Acceleration}},
  Author                   = {{Isobe}, H. and {Proctor}, M.~R.~E. and {Weiss}, N.~O.},
  Journal                  = {\apjl},
  Year                     = {2008},

  Month                    = may,
  Number                   = {1},
  Pages                    = {L57},
  Volume                   = {679},

  Adsnote                  = {Provided by the SAO/NASA Astrophysics Data System},
  Adsurl                   = {https://ui.adsabs.harvard.edu/abs/2008ApJ...679L..57I},
  Doi                      = {10.1086/589150},
  Keywords                 = {MHD, Sun: chromosphere, Sun: corona, Sun: photosphere}
}

@Article{Nishizuka2008ApJ683L83N,
  Title                    = {{Giant Chromospheric Anemone Jet Observed with Hinode and Comparison with Magnetohydrodynamic Simulations: Evidence of Propagating Alfv{\'e}n Waves and Magnetic Reconnection}},
  Author                   = {{Nishizuka}, N. and {Shimizu}, M. and {Nakamura}, T. and {Otsuji}, K. and
 {Okamoto}, T.~J. and {Katsukawa}, Y. and {Shibata}, K.},
  Journal                  = {\apjl},
  Year                     = {2008},

  Month                    = aug,
  Number                   = {1},
  Pages                    = {L83},
  Volume                   = {683},

  Adsnote                  = {Provided by the SAO/NASA Astrophysics Data System},
  Adsurl                   = {https://ui.adsabs.harvard.edu/abs/2008ApJ...683L..83N},
  Archiveprefix            = {arXiv},
  Doi                      = {10.1086/591445},
  Eprint                   = {0810.3384},
  Keywords                 = {MHD, Sun: activity, Sun: chromosphere, Sun: flares, Sun: magnetic fields, Astrophysics},
  Primaryclass             = {astro-ph}
}


@Article{Hollweg1992ApJ389731H,
  Title                    = {{Alfvenically Driven Slow Shocks in the Solar Chromosphere and Corona}},
  Author                   = {{Hollweg}, Joseph V.},
  Journal                  = {\apj},
  Year                     = {1992},

  Month                    = apr,
  Pages                    = {731},
  Volume                   = {389},

  Adsnote                  = {Provided by the SAO/NASA Astrophysics Data System},
  Adsurl                   = {https://ui.adsabs.harvard.edu/abs/1992ApJ...389..731H},
  Doi                      = {10.1086/171246},
  Keywords                 = {Chromosphere, Magnetohydrodynamic Waves, Shock Wave Interaction, Solar Corona, Stellar Magnetic Fields, Computerized Simulation, Magnetic Flux, Photosphere, Stellar Models, Solar Physics, MAGNETOHYDRODYNAMICS: MHD, SHOCK WAVES, SUN: CHROMOSPHERE, SUN: CORONA}
}

@ARTICLE{Gonz2018ApJ856176G,
       author = {{Gonz{\'a}lez-Avil{\'e}s}, J.~J. and {Guzm{\'a}n}, F.~S. and {Fedun}, V. and {Verth}, G. and {Shelyag}, S. and {Regnier}, S.},
        title = "{I. Jet Formation and Evolution Due to 3D Magnetic Reconnection}",
      journal = {\apj},
     keywords = {magnetic reconnection, magnetohydrodynamics: MHD, methods: numerical, Sun: atmosphere, Sun: magnetic fields, Astrophysics - Solar and Stellar Astrophysics},
         year = 2018,
        month = apr,
       volume = {856},
       number = {2},
          eid = {176},
        pages = {176},
          doi = {10.3847/1538-4357/aab36f},
archivePrefix = {arXiv},
       eprint = {1709.05066},
 primaryClass = {astro-ph.SR},
       adsurl = {https://ui.adsabs.harvard.edu/abs/2018ApJ...856..176G},
      adsnote = {Provided by the SAO/NASA Astrophysics Data System}
}

@Article{Haerendel1992Natur360241H,
  Title                    = {{Weakly damped Alfv{\'e}n waves as drivers of solar chromospheric spicules}},
  Author                   = {{Haerendel}, Gerhard},
  Journal                  = {\nat},
  Year                     = {1992},

  Month                    = nov,
  Number                   = {6401},
  Pages                    = {241-243},
  Volume                   = {360},

  Adsnote                  = {Provided by the SAO/NASA Astrophysics Data System},
  Adsurl                   = {https://ui.adsabs.harvard.edu/abs/1992Natur.360..241H},
  Doi                      = {10.1038/360241a0},
  Keywords                 = {Chromosphere, Magnetohydrodynamic Waves, Spicules, Stellar Structure, Density (Mass/Volume), Magnetohydrodynamics, Momentum Transfer, Solar Magnetic Field, Solar Physics}
}

@Article{Roberts1979SoPh6123R,
  Title                    = {{Spicules: The resonant response to granular buffeting?}},
  Author                   = {{Roberts}, B.},
  Journal                  = {\solphys},
  Year                     = {1979},

  Month                    = feb,
  Number                   = {1},
  Pages                    = {23-34},
  Volume                   = {61},

  Adsnote                  = {Provided by the SAO/NASA Astrophysics Data System},
  Adsurl                   = {https://ui.adsabs.harvard.edu/abs/1979SoPh...61...23R},
  Doi                      = {10.1007/BF00155443},
  Keywords                 = {Magnetic Flux, Solar Granulation, Solar Magnetic Field, Solar Physics, Spicules, Atmospheric Physics, Magnetic Effects, Solar Corona, Solar Physics, Solar Chromosphere:Solar Spicules}
}

@Article{Mart2018ApJ860116M,
  Title                    = {{Impact of Type II Spicules in the Corona: Simulations and Synthetic Observables}},
  Author                   = {{Mart{\'\i}nez-Sykora}, Juan and {De Pontieu}, Bart and
 {De Moortel}, Ineke and {Hansteen}, Viggo H. and {Carlsson}, Mats},
  Journal                  = {\apj},
  Year                     = {2018},

  Month                    = jun,
  Number                   = {2},
  Pages                    = {116},
  Volume                   = {860},

  Adsnote                  = {Provided by the SAO/NASA Astrophysics Data System},
  Adsurl                   = {https://ui.adsabs.harvard.edu/abs/2018ApJ...860..116M},
  Archiveprefix            = {arXiv},
  Doi                      = {10.3847/1538-4357/aac2ca},
  Eid                      = {116},
  Eprint                   = {1805.06475},
  Keywords                 = {magnetohydrodynamics: MHD, methods: numerical, radiative transfer, Sun: atmosphere, Sun: corona, Astrophysics - Solar and Stellar Astrophysics},
  Primaryclass             = {astro-ph.SR}
}

@Article{Mart2020ApJ88995M,
  Title                    = {{Ion─neutral Interactions and Nonequilibrium Ionization in the Solar Chromosphere}},
  Author                   = {{Mart{\'\i}nez-Sykora}, Juan and {Leenaarts}, Jorrit and
 {De Pontieu}, Bart and {N{\'o}brega-Siverio}, Daniel and
 {Hansteen}, Viggo H. and {Carlsson}, Mats and {Szydlarski}, Mikolaj},
  Journal                  = {\apj},
  Year                     = {2020},

  Month                    = feb,
  Number                   = {2},
  Pages                    = {95},
  Volume                   = {889},

  Adsnote                  = {Provided by the SAO/NASA Astrophysics Data System},
  Adsurl                   = {https://ui.adsabs.harvard.edu/abs/2020ApJ...889...95M},
  Archiveprefix            = {arXiv},
  Doi                      = {10.3847/1538-4357/ab643f},
  Eid                      = {95},
  Eprint                   = {1912.06682},
  Keywords                 = {Astrophysics - Solar and Stellar Astrophysics},
  Primaryclass             = {astro-ph.SR}
}


@Article{Gudiksen2011AA531A154G,
  Title                    = {{The stellar atmosphere simulation code Bifrost. Code description and validation}},
  Author                   = {{Gudiksen}, B.~V. and {Carlsson}, M. and {Hansteen}, V.~H. and
 {Hayek}, W. and {Leenaarts}, J. and {Mart{\'\i}nez-Sykora}, J.},
  Journal                  = {\aap},
  Year                     = {2011},

  Month                    = jul,
  Pages                    = {A154},
  Volume                   = {531},

  Adsnote                  = {Provided by the SAO/NASA Astrophysics Data System},
  Adsurl                   = {https://ui.adsabs.harvard.edu/abs/2011A&A...531A.154G},
  Archiveprefix            = {arXiv},
  Doi                      = {10.1051/0004-6361/201116520},
  Eid                      = {A154},
  Eprint                   = {1105.6306},
  Keywords                 = {magnetohydrodynamics (MHD), radiative transfer, methods: numerical, Sun: atmosphere, stars: atmospheres, Astrophysics - Solar and Stellar Astrophysics},
  Primaryclass             = {astro-ph.SR}
}


@Article{Shibata1982SoPh78333S,
  Title                    = {{Why are spicules absent over plages and long under coronal holes?}},
  Author                   = {{Shibata}, K. and {Suematsu}, Y.},
  Journal                  = {\solphys},
  Year                     = {1982},

  Month                    = jun,
  Number                   = {2},
  Pages                    = {333-345},
  Volume                   = {78},

  Adsnote                  = {Provided by the SAO/NASA Astrophysics Data System},
  Adsurl                   = {https://ui.adsabs.harvard.edu/abs/1982SoPh...78..333S},
  Doi                      = {10.1007/BF00151612},
  Keywords                 = {Coronal Holes, Faculae, Magnetohydrodynamic Waves, Shock Wave Propagation, Solar Atmosphere, Spicules, Atmospheric Density, Atmospheric Models, Propagation Velocity, Solar Temperature, Solar Physics}
}

@ARTICLE{Gonz2018arXiv180704224G,
       author = {{Gonz{\'a}lez-Avil{\'e}s}, J.~J. and {Guzm{\'a}n}, F.~S. and {Fedun}, V. and {Verth}, G. and {Sharma}, R. and {Shelyag}, S. and {Regnier}, S.},
        title = "{In situ generation of coronal Alfv{\'e}n waves by jets}",
      journal = {\mnras},
     keywords = {MHD, methods: numerical, Sun: atmosphere, Astrophysics - Solar and Stellar Astrophysics},
         year = 2019,
        month = apr,
       volume = {484},
       number = {2},
        pages = {1936-1945},
          doi = {10.1093/mnras/stz087},
archivePrefix = {arXiv},
       eprint = {1807.04224},
 primaryClass = {astro-ph.SR},
       adsurl = {https://ui.adsabs.harvard.edu/abs/2019MNRAS.484.1936G},
      adsnote = {Provided by the SAO/NASA Astrophysics Data System}
}

@ARTICLE{Sterling1988ApJ327950S,
       author = {{Sterling}, Alphonse C. and {Hollweg}, Joseph V.},
        title = "{The Rebound Shock Model for Solar Spicules: Dynamics at Long Times}",
      journal = {\apj},
     keywords = {Magnetohydrodynamic Waves, Shock Waves, Solar Atmosphere, Spicules, Stellar Models, Chromosphere, Long Term Effects, Magnetohydrodynamic Stability, Solar Physics, HYDRODYNAMICS, SHOCK WAVES, SUN: ATMOSPHERE, SUN: TRANSITION REGION},
         year = 1988,
        month = apr,
       volume = {327},
        pages = {950},
          doi = {10.1086/166252},
       adsurl = {https://ui.adsabs.harvard.edu/abs/1988ApJ...327..950S},
      adsnote = {Provided by the SAO/NASA Astrophysics Data System}
}

@ARTICLE{Cheng1992AA262581C,
       author = {{Cheng}, Qing-Qi},
        title = "{Fluid motions in the solar atmosphere. III - A possible explanation of the downflows}",
      journal = {\aap},
     keywords = {Chromosphere, Line Spectra, Plasma Dynamics, Solar Atmosphere, Solar Corona, Emission Spectra, Spicules, Solar Physics},
         year = 1992,
        month = sep,
       volume = {262},
       number = {2},
        pages = {581-586},
       adsurl = {https://ui.adsabs.harvard.edu/abs/1992A&A...262..581C},
      adsnote = {Provided by the SAO/NASA Astrophysics Data System}
}

@ARTICLE{Cheng1992AA266549C,
       author = {{Cheng}, Q.~Q.},
        title = "{Fluid Motions in the Solar Atmosphere - Part Two - a Spicule Model with Emission Lines}",
      journal = {\aap},
     keywords = {hydrodynamics, shocks, radiation transfer, solar chromosphere, chromospheric line emission, spicules},
         year = 1992,
        month = dec,
       volume = {266},
        pages = {549},
       adsurl = {https://ui.adsabs.harvard.edu/abs/1992A&A...266..549C},
      adsnote = {Provided by the SAO/NASA Astrophysics Data System}
}

@ARTICLE{Cheng1992AA266537C,
       author = {{Cheng}, Qing-Qi},
        title = "{Fluid motions in the solar atmosphere. I - On the origin and decay of spicules. II - A spicule model with emission lines}",
      journal = {\aap},
     keywords = {Solar Atmosphere, Spicules, Adiabatic Conditions, Chromosphere, Conductive Heat Transfer, Hydrodynamic Equations, Numerical Analysis, Solar Corona, Solar Radiation, Solar Physics},
         year = 1992,
        month = dec,
       volume = {266},
       number = {1},
        pages = {537-559},
       adsurl = {https://ui.adsabs.harvard.edu/abs/1992A&A...266..537C},
      adsnote = {Provided by the SAO/NASA Astrophysics Data System}
}

@ARTICLE{Oxley_2020ApJ905168O,
       author = {{Oxley}, William and {Scalisi}, Joseph and {Ruderman}, Michael S. and {Erd{\'e}lyi}, R{\'o}bert},
        title = "{Formation of Chromospheric Spicules in Magnetic Bright Points: An Analytical Approach Using Cartesian Slab Geometry}",
      journal = {\apj},
     keywords = {Solar spicules, Solar chromosphere, Alfven waves, Solar photosphere, Magnetohydrodynamics, Solar physics, The Sun, Solar magnetic bright points, 1525, 1479, 23, 1518, 1964, 1476, 1693, 1984},
         year = 2020,
        month = dec,
       volume = {905},
       number = {2},
          eid = {168},
        pages = {168},
          doi = {10.3847/1538-4357/abcafe},
       adsurl = {https://ui.adsabs.harvard.edu/abs/2020ApJ...905..168O},
      adsnote = {Provided by the SAO/NASA Astrophysics Data System}
}

@ARTICLE{Tomczyk2009ApJ6971384T,
       author = {{Tomczyk}, Steven and {McIntosh}, Scott W.},
        title = "{Time-Distance Seismology of the Solar Corona with CoMP}",
      journal = {\apj},
     keywords = {solar wind, Sun: corona, Sun: magnetic fields, Astrophysics - Solar and Stellar Astrophysics},
         year = 2009,
        month = jun,
       volume = {697},
       number = {2},
        pages = {1384-1391},
          doi = {10.1088/0004-637X/697/2/1384},
archivePrefix = {arXiv},
       eprint = {0903.2002},
 primaryClass = {astro-ph.SR},
       adsurl = {https://ui.adsabs.harvard.edu/abs/2009ApJ...697.1384T},
      adsnote = {Provided by the SAO/NASA Astrophysics Data System}
}

@ARTICLE{Okamoto2011ApJ736L24O,
       author = {{Okamoto}, Takenori J. and {De Pontieu}, Bart},
        title = "{Propagating Waves Along Spicules}",
      journal = {\apjl},
     keywords = {Sun: chromosphere, Sun: transition region, waves, Astrophysics - Solar and Stellar Astrophysics},
         year = 2011,
        month = aug,
       volume = {736},
       number = {2},
          eid = {L24},
        pages = {L24},
          doi = {10.1088/2041-8205/736/2/L24},
archivePrefix = {arXiv},
       eprint = {1106.4270},
 primaryClass = {astro-ph.SR},
       adsurl = {https://ui.adsabs.harvard.edu/abs/2011ApJ...736L..24O},
      adsnote = {Provided by the SAO/NASA Astrophysics Data System}
}

@ARTICLE{Tomczyk2007Sci3171192T,
       author = {{Tomczyk}, S. and {McIntosh}, S.~W. and {Keil}, S.~L. and {Judge}, P.~G. and {Schad}, T. and {Seeley}, D.~H. and {Edmondson}, J.},
        title = "{Alfv{\'e}n Waves in the Solar Corona}",
      journal = {Science},
     keywords = {ASTRONOMY},
         year = 2007,
        month = aug,
       volume = {317},
       number = {5842},
        pages = {1192},
          doi = {10.1126/science.1143304},
       adsurl = {https://ui.adsabs.harvard.edu/abs/2007Sci...317.1192T},
      adsnote = {Provided by the SAO/NASA Astrophysics Data System}
}


@ARTICLE{Jess2012ApJ744L5J,
       author = {{Jess}, D.~B. and {Pascoe}, D.~J. and {Christian}, D.~J. and {Mathioudakis}, M. and {Keys}, P.~H. and {Keenan}, F.~P.},
        title = "{The Origin of Type I Spicule Oscillations}",
      journal = {\apjl},
     keywords = {magnetohydrodynamics: MHD, methods: numerical, Sun: atmosphere, Sun: chromosphere, Sun: oscillations, Sun: photosphere, Astrophysics - Solar and Stellar Astrophysics},
         year = 2012,
        month = jan,
       volume = {744},
       number = {1},
          eid = {L5},
        pages = {L5},
          doi = {10.1088/2041-8205/744/1/L5},
archivePrefix = {arXiv},
       eprint = {1111.5464},
 primaryClass = {astro-ph.SR},
       adsurl = {https://ui.adsabs.harvard.edu/abs/2012ApJ...744L...5J},
      adsnote = {Provided by the SAO/NASA Astrophysics Data System}
}

@ARTICLE{Sharma2018ApJ85361S,
       author = {{Sharma}, Rahul and {Verth}, Gary and {Erd{\'e}lyi}, Robertus},
        title = "{Evolution of Complex 3D Motions in Spicules}",
      journal = {\apj},
     keywords = {magnetohydrodynamics: MHD, Sun: chromosphere, Sun: oscillations},
         year = 2018,
        month = jan,
       volume = {853},
       number = {1},
          eid = {61},
        pages = {61},
          doi = {10.3847/1538-4357/aaa07f},
       adsurl = {https://ui.adsabs.harvard.edu/abs/2018ApJ...853...61S},
      adsnote = {Provided by the SAO/NASA Astrophysics Data System}
}

@ARTICLE{Verth2016GMS216431V,
       author = {{Verth}, G. and {Jess}, D.~B.},
        title = "{MHD Wave Modes Resolved in Fine-Scale Chromospheric Magnetic Structures}",
      journal = {Washington DC American Geophysical Union Geophysical Monograph Series},
     keywords = {Astrophysics - Solar and Stellar Astrophysics},
         year = 2016,
        month = feb,
       volume = {216},
        pages = {431-448},
          doi = {10.1002/9781119055006.ch25},
archivePrefix = {arXiv},
       eprint = {1505.01155},
 primaryClass = {astro-ph.SR},
       adsurl = {https://ui.adsabs.harvard.edu/abs/2016GMS...216..431V},
      adsnote = {Provided by the SAO/NASA Astrophysics Data System}
}

@ARTICLE{Morton2012NatCo31315M,
       author = {{Morton}, Richard J. and {Verth}, Gary and {Jess}, David B. and {Kuridze}, David and {Ruderman}, Michael S. and {Mathioudakis}, Mihalis and {Erd{\'e}lyi}, Robertus},
        title = "{Observations of ubiquitous compressive waves in the Sun's chromosphere}",
      journal = {Nature Communications},
     keywords = {Astrophysics - Solar and Stellar Astrophysics},
         year = 2012,
        month = dec,
       volume = {3},
          eid = {1315},
        pages = {1315},
          doi = {10.1038/ncomms2324},
archivePrefix = {arXiv},
       eprint = {1306.4124},
 primaryClass = {astro-ph.SR},
       adsurl = {https://ui.adsabs.harvard.edu/abs/2012NatCo...3.1315M},
      adsnote = {Provided by the SAO/NASA Astrophysics Data System}
}

@ARTICLE{Goossens1992SoPh138233G,
       author = {{Goossens}, Marcel and {Hollweg}, Joseph V. and {Sakurai}, Takashi},
        title = "{Resonant Behaviour of Magnetohydrodynamic Waves on Magnetic Flux Tubes - Part Three}",
      journal = {\solphys},
     keywords = {Cylindrical Plasmas, Magnetic Fields, Magnetic Flux, Magnetic Resonance, Magnetohydrodynamic Waves, Solar Physics, Conservation Laws, Kelvin-Helmholtz Instability, Perturbation Theory, Velocity Distribution, Solar Physics},
         year = 1992,
        month = apr,
       volume = {138},
       number = {2},
        pages = {233-255},
          doi = {10.1007/BF00151914},
       adsurl = {https://ui.adsabs.harvard.edu/abs/1992SoPh..138..233G},
      adsnote = {Provided by the SAO/NASA Astrophysics Data System}
}


@ARTICLE{Murawski2015AA577A126M,
       author = {{Murawski}, K. and {Solov'ev}, A. and {Musielak}, Z.~E. and {Srivastava}, A.~K. and {Kra{\'s}kiewicz}, J.},
        title = "{Torsional Alfv{\'e}n waves in solar magnetic flux tubes of axial symmetry}",
      journal = {\aap},
     keywords = {Sun: atmosphere, Sun: magnetic fields, sunspots, Astrophysics - Solar and Stellar Astrophysics},
         year = 2015,
        month = may,
       volume = {577},
          eid = {A126},
        pages = {A126},
          doi = {10.1051/0004-6361/201424545},
archivePrefix = {arXiv},
       eprint = {1501.00252},
 primaryClass = {astro-ph.SR},
       adsurl = {https://ui.adsabs.harvard.edu/abs/2015A&A...577A.126M},
      adsnote = {Provided by the SAO/NASA Astrophysics Data System}
}

@ARTICLE{Goossens2009AA503213G,
       author = {{Goossens}, M. and {Terradas}, J. and {Andries}, J. and {Arregui}, I. and {Ballester}, J.~L.},
        title = "{On the nature of kink MHD waves in magnetic flux tubes}",
      journal = {\aap},
     keywords = {magnetohydrodynamics (MHD), waves, Sun: magnetic fields, Astrophysics - Solar and Stellar Astrophysics},
         year = 2009,
        month = aug,
       volume = {503},
       number = {1},
        pages = {213-223},
          doi = {10.1051/0004-6361/200912399},
archivePrefix = {arXiv},
       eprint = {0905.0425},
 primaryClass = {astro-ph.SR},
       adsurl = {https://ui.adsabs.harvard.edu/abs/2009A&A...503..213G},
      adsnote = {Provided by the SAO/NASA Astrophysics Data System}
}

@ARTICLE{Allcock2017SoPh29235A,
       author = {{Allcock}, Matthew and {Erd{\'e}lyi}, Robert},
        title = "{Magnetohydrodynamic Waves in an Asymmetric Magnetic Slab}",
      journal = {\solphys},
     keywords = {Coronal seismology, Magnetic fields, photosphere, Waves, magnetohydrodynamic, Waves, modes},
         year = 2017,
        month = feb,
       volume = {292},
       number = {2},
          eid = {35},
        pages = {35},
          doi = {10.1007/s11207-017-1054-y},
       adsurl = {https://ui.adsabs.harvard.edu/abs/2017SoPh..292...35A},
      adsnote = {Provided by the SAO/NASA Astrophysics Data System}
}


@ARTICLE{Allcock2019FrASS648A,
       author = {{Allcock}, Matthew and {Shukhobodskaia}, Daria and {Zs{\'a}mberger}, No{\'e}mi Kinga and {Erd{\'e}lyi}, Robert},
        title = "{Magnetohydrodynamic waves in multi-layered asymmetric waveguides: solar magneto-seismology theory and application}",
      journal = {Frontiers in Astronomy and Space Sciences},
     keywords = {Solar atmosphere, Plasma, waves, magnetohdyrodynamics (MHD), Magnetic Fields, slab, magneto-seismology, Fibrils, Magnetic bright points},
         year = 2019,
        month = jul,
       volume = {6},
        pages = {48},
          doi = {10.3389/fspas.2019.00048},
       adsurl = {https://ui.adsabs.harvard.edu/abs/2019FrASS...6...48A},
      adsnote = {Provided by the SAO/NASA Astrophysics Data System}
}

@INPROCEEDINGS{Roberts1990IAUS142159R,
       author = {{Roberts}, B.},
        title = "{Waves in Magnetic Flux Tubes}",
     keywords = {Coronal Loops, Magnetic Flux, Magnetoacoustics, Solar Atmosphere, Solar Magnetic Field, Wave Propagation, Bessel Functions, Ideal Gas, Solar Oscillations, Plasma Physics},
    booktitle = {Basic Plasma Processes on the Sun},
         year = 1990,
       editor = {{Priest}, E.~R. and {Krishan}, V.},
       volume = {142},
        month = jan,
        pages = {159},
       adsurl = {https://ui.adsabs.harvard.edu/abs/1990IAUS..142..159R},
      adsnote = {Provided by the SAO/NASA Astrophysics Data System}
}

@ARTICLE{Edwin1982SoPh76239E,
       author = {{Edwin}, P.~M. and {Roberts}, B.},
        title = "{Wave Propagation in a Magnetically Structured Atmosphere - Part Three - the Slab in a Magnetic Environment}",
      journal = {\solphys},
     keywords = {Magnetohydrodynamic Waves, Plasma Slabs, Solar Atmosphere, Solar Corona, Wave Propagation, Compressibility Effects, Love Waves, Magnetoacoustic Waves, Photosphere, Propagation Modes, Propagation Velocity, Surface Waves, Wave Dispersion, Solar Physics},
         year = 1982,
        month = mar,
       volume = {76},
       number = {2},
        pages = {239-259},
          doi = {10.1007/BF00170986},
       adsurl = {https://ui.adsabs.harvard.edu/abs/1982SoPh...76..239E},
      adsnote = {Provided by the SAO/NASA Astrophysics Data System}
}

@ARTICLE{Roberts1981SoPh6939R,
       author = {{Roberts}, B.},
        title = "{Wave Propagation in a Magnetically Structured Atmosphere - Part Two - Waves in a Magnetic Slab}",
      journal = {\solphys},
         year = 1981,
        month = jan,
       volume = {69},
       number = {1},
        pages = {39-56},
          doi = {10.1007/BF00151254},
       adsurl = {https://ui.adsabs.harvard.edu/abs/1981SoPh...69...39R},
      adsnote = {Provided by the SAO/NASA Astrophysics Data System}
}

@ARTICLE{Rutten2019AA632A96R,
       author = {{Rutten}, Robert J. and {Rouppe van der Voort}, Luc H.~M. and {De Pontieu}, Bart},
        title = "{Solar H{\ensuremath{\alpha}} features with hot onsets. IV. Network fibrils}",
      journal = {\aap},
     keywords = {Sun: chromosphere, Sun: magnetic fields, Astrophysics - Solar and Stellar Astrophysics},
         year = 2019,
        month = dec,
       volume = {632},
          eid = {A96},
        pages = {A96},
          doi = {10.1051/0004-6361/201936113},
archivePrefix = {arXiv},
       eprint = {1908.09315},
 primaryClass = {astro-ph.SR},
       adsurl = {https://ui.adsabs.harvard.edu/abs/2019A&A...632A..96R},
      adsnote = {Provided by the SAO/NASA Astrophysics Data System}
}

@ARTICLE{Shetye2016AA589A3S,
       author = {{Shetye}, J. and {Doyle}, J.~G. and {Scullion}, E. and {Nelson}, C.~J. and {Kuridze}, D. and {Henriques}, V. and {Woeger}, F. and {Ray}, T.},
        title = "{High-cadence observations of spicular-type events on the Sun}",
      journal = {\aap},
     keywords = {Sun: chromosphere, Sun: transition region, methods: observational, line: profiles, line: formation, Astrophysics - Solar and Stellar Astrophysics},
         year = 2016,
        month = may,
       volume = {589},
          eid = {A3},
        pages = {A3},
          doi = {10.1051/0004-6361/201527505},
archivePrefix = {arXiv},
       eprint = {1601.08087},
 primaryClass = {astro-ph.SR},
       adsurl = {https://ui.adsabs.harvard.edu/abs/2016A&A...589A...3S},
      adsnote = {Provided by the SAO/NASA Astrophysics Data System}
}


@ARTICLE{Rouppe2015ApJ799L3R,
       author = {{Rouppe van der Voort}, L. and {De Pontieu}, B. and {Pereira}, T.~M.~D. and {Carlsson}, M. and {Hansteen}, V.},
        title = "{Heating Signatures in the Disk Counterparts of Solar Spicules in Interface Region Imaging Spectrograph Observations}",
      journal = {\apjl},
     keywords = {Sun: chromosphere, Sun: magnetic fields, Sun: transition region, Sun: UV radiation, Astrophysics - Solar and Stellar Astrophysics},
         year = 2015,
        month = jan,
       volume = {799},
       number = {1},
          eid = {L3},
        pages = {L3},
          doi = {10.1088/2041-8205/799/1/L3},
archivePrefix = {arXiv},
       eprint = {1412.4531},
 primaryClass = {astro-ph.SR},
       adsurl = {https://ui.adsabs.harvard.edu/abs/2015ApJ...799L...3R},
      adsnote = {Provided by the SAO/NASA Astrophysics Data System}
}

@ARTICLE{Lemen2012SoPh27517L,
       author = {{Lemen}, James R. and {Title}, Alan M. and {Akin}, David J. and {Boerner}, Paul F. and {Chou}, Catherine and {Drake}, Jerry F. and {Duncan}, Dexter W. and {Edwards}, Christopher G. and {Friedlaender}, Frank M. and {Heyman}, Gary F. and {Hurlburt}, Neal E. and {Katz}, Noah L. and {Kushner}, Gary D. and {Levay}, Michael and {Lindgren}, Russell W. and {Mathur}, Dnyanesh P. and {McFeaters}, Edward L. and {Mitchell}, Sarah and {Rehse}, Roger A. and {Schrijver}, Carolus J. and {Springer}, Larry A. and {Stern}, Robert A. and {Tarbell}, Theodore D. and {Wuelser}, Jean-Pierre and {Wolfson}, C. Jacob and {Yanari}, Carl and {Bookbinder}, Jay A. and {Cheimets}, Peter N. and {Caldwell}, David and {Deluca}, Edward E. and {Gates}, Richard and {Golub}, Leon and {Park}, Sang and {Podgorski}, William A. and {Bush}, Rock I. and {Scherrer}, Philip H. and {Gummin}, Mark A. and {Smith}, Peter and {Auker}, Gary and {Jerram}, Paul and {Pool}, Peter and {Soufli}, Regina and {Windt}, David L. and {Beardsley}, Sarah and {Clapp}, Matthew and {Lang}, James and {Waltham}, Nicholas},
        title = "{The Atmospheric Imaging Assembly (AIA) on the Solar Dynamics Observatory (SDO)}",
      journal = {\solphys},
     keywords = {Solar corona, Solar instrumentation, Solar imaging, Extreme ultraviolet},
         year = 2012,
        month = jan,
       volume = {275},
       number = {1-2},
        pages = {17-40},
          doi = {10.1007/s11207-011-9776-8},
       adsurl = {https://ui.adsabs.harvard.edu/abs/2012SoPh..275...17L},
      adsnote = {Provided by the SAO/NASA Astrophysics Data System}
}

@ARTICLE{Chintzoglou2018ApJ85773C,
       author = {{Chintzoglou}, Georgios and {De Pontieu}, Bart and {Mart{\'\i}nez-Sykora}, Juan and {Pereira}, Tiago M.~D. and {Vourlidas}, Angelos and {Tun Beltran}, Samuel},
        title = "{Bridging the Gap: Capturing the Ly{\ensuremath{\alpha}} Counterpart of a Type-II Spicule and Its Heating Evolution with VAULT2.0 and IRIS Observations}",
      journal = {\apj},
     keywords = {Sun: chromosphere, Sun: general, Sun: transition region, Sun: UV radiation, Astrophysics - Solar and Stellar Astrophysics},
         year = 2018,
        month = apr,
       volume = {857},
       number = {1},
          eid = {73},
        pages = {73},
          doi = {10.3847/1538-4357/aab607},
archivePrefix = {arXiv},
       eprint = {1803.03405},
 primaryClass = {astro-ph.SR},
       adsurl = {https://ui.adsabs.harvard.edu/abs/2018ApJ...857...73C},
      adsnote = {Provided by the SAO/NASA Astrophysics Data System}
}

@ARTICLE{Yurchyshyn2020ApJ891L21Y,
       author = {{Yurchyshyn}, Vasyl and {Cao}, Wenda and {Abramenko}, Valentina and {Yang}, Xu and {Cho}, Kyung-Suk},
        title = "{Rapid Evolution of Type II Spicules Observed in Goode Solar Telescope On-disk H$_{{\ensuremath{\alpha}}}$ Images}",
      journal = {\apjl},
     keywords = {1986, 1989, Astrophysics - Solar and Stellar Astrophysics},
         year = 2020,
        month = mar,
       volume = {891},
       number = {1},
          eid = {L21},
        pages = {L21},
          doi = {10.3847/2041-8213/ab7931},
archivePrefix = {arXiv},
       eprint = {2005.04253},
 primaryClass = {astro-ph.SR},
       adsurl = {https://ui.adsabs.harvard.edu/abs/2020ApJ...891L..21Y},
      adsnote = {Provided by the SAO/NASA Astrophysics Data System}
}

@ARTICLE{Chintzoglou2021ApJ90682C,
       author = {{Chintzoglou}, Georgios and {De Pontieu}, Bart and {Mart{\'\i}nez-Sykora}, Juan and {Hansteen}, Viggo and {de la Cruz Rodr{\'\i}guez}, Jaime and {Szydlarski}, Mikolaj and {Jafarzadeh}, Shahin and {Wedemeyer}, Sven and {Bastian}, Timothy S. and {Sainz Dalda}, Alberto},
        title = "{ALMA and IRIS Observations of the Solar Chromosphere. I. An On-disk Type II Spicule}",
      journal = {\apj},
     keywords = {Solar chromosphere, Solar chromospheric heating, Solar electromagnetic emission, Solar extreme ultraviolet emission, Solar physics, Solar radio emission, Solar spicules, Solar transition region, Solar ultraviolet emission, 1479, 1987, 1490, 1493, 1476, 1522, 1525, 1532, 1533, Astrophysics - Solar and Stellar Astrophysics},
         year = 2021,
        month = jan,
       volume = {906},
       number = {2},
          eid = {82},
        pages = {82},
          doi = {10.3847/1538-4357/abc9b1},
archivePrefix = {arXiv},
       eprint = {2005.12717},
 primaryClass = {astro-ph.SR},
       adsurl = {https://ui.adsabs.harvard.edu/abs/2021ApJ...906...82C},
      adsnote = {Provided by the SAO/NASA Astrophysics Data System}
}


@ARTICLE{Skogsrud2015ApJ806170S,
       author = {{Skogsrud}, H. and {Rouppe van der Voort}, L. and {De Pontieu}, B. and {Pereira}, T.~M.~D.},
        title = "{On the Temporal Evolution of Spicules Observed with IRIS, SDO, and Hinode}",
      journal = {\apj},
     keywords = {Sun: atmosphere, Sun: chromosphere, Astrophysics - Solar and Stellar Astrophysics},
         year = 2015,
        month = jun,
       volume = {806},
       number = {2},
          eid = {170},
        pages = {170},
          doi = {10.1088/0004-637X/806/2/170},
archivePrefix = {arXiv},
       eprint = {1505.02525},
 primaryClass = {astro-ph.SR},
       adsurl = {https://ui.adsabs.harvard.edu/abs/2015ApJ...806..170S},
      adsnote = {Provided by the SAO/NASA Astrophysics Data System}
}

@INBOOK{Secchi1877,
       author = {{Secchi}, Angelo.},
       booktitle = {Le Soleil},
       year = 1877,
       volume = {2 (Paris:Gauthier-Villas)},
}

@ARTICLE{Samanta2015ApJ815L16S,
       author = {{Samanta}, Tanmoy and {Pant}, Vaibhav and {Banerjee}, Dipankar},
        title = "{Propagating Disturbances in the Solar Corona and Spicular Connection}",
      journal = {\apjl},
     keywords = {Sun: corona, Sun: magnetic fields, Sun: oscillations, Sun: transition region, Sun: UV radiation, Astrophysics - Solar and Stellar Astrophysics},
         year = 2015,
        month = dec,
       volume = {815},
       number = {1},
          eid = {L16},
        pages = {L16},
          doi = {10.1088/2041-8205/815/1/L16},
archivePrefix = {arXiv},
       eprint = {1511.07354},
 primaryClass = {astro-ph.SR},
       adsurl = {https://ui.adsabs.harvard.edu/abs/2015ApJ...815L..16S},
      adsnote = {Provided by the SAO/NASA Astrophysics Data System}
}


@ARTICLE{Tian2014Sci346A315T,
       author = {{Tian}, H. and {DeLuca}, E.~E. and {Cranmer}, S.~R. and {De Pontieu}, B. and {Peter}, H. and {Mart{\'\i}nez-Sykora}, J. and {Golub}, L. and {McKillop}, S. and {Reeves}, K.~K. and {Miralles}, M.~P. and {McCauley}, P. and {Saar}, S. and {Testa}, P. and {Weber}, M. and {Murphy}, N. and {Lemen}, J. and {Title}, A. and {Boerner}, P. and {Hurlburt}, N. and {Tarbell}, T.~D. and {Wuelser}, J.~P. and {Kleint}, L. and {Kankelborg}, C. and {Jaeggli}, S. and {Carlsson}, M. and {Hansteen}, V. and {McIntosh}, S.~W.},
        title = "{Prevalence of small-scale jets from the networks of the solar transition region and chromosphere}",
      journal = {Science},
     keywords = {ASTRONOMY, ONLINE, Astrophysics - Solar and Stellar Astrophysics},
         year = 2014,
        month = oct,
       volume = {346},
       number = {6207},
          eid = {1255711},
        pages = {1255711},
          doi = {10.1126/science.1255711},
archivePrefix = {arXiv},
       eprint = {1410.6143},
 primaryClass = {astro-ph.SR},
       adsurl = {https://ui.adsabs.harvard.edu/abs/2014Sci...346A.315T},
      adsnote = {Provided by the SAO/NASA Astrophysics Data System}
}


@Article{Sterling2020ApJ893L45S,
  Title                    = {{Possible Production of Solar Spicules by Microfilament Eruptions}},
  Author                   = {{Sterling}, Alphonse C. and {Moore}, Ronald L. and {Samanta}, Tanmoy and
 {Yurchyshyn}, Vasyl},
  Journal                  = {\apjl},
  Year                     = {2020},

  Month                    = apr,
  Number                   = {2},
  Pages                    = {L45},
  Volume                   = {893},

  Adsnote                  = {Provided by the SAO/NASA Astrophysics Data System},
  Adsurl                   = {https://ui.adsabs.harvard.edu/abs/2020ApJ...893L..45S},
  Archiveprefix            = {arXiv},
  Doi                      = {10.3847/2041-8213/ab86a5},
  Eid                      = {L45},
  Eprint                   = {2004.04187},
  Keywords                 = {Astrophysics - Solar and Stellar Astrophysics},
  Primaryclass             = {astro-ph.SR}
}

@Article{Pereira2013ApJ76469P,
  Title                    = {{The Effects of Spatio-temporal Resolution on Deduced Spicule Properties}},
  Author                   = {{Pereira}, Tiago M.~D. and {De Pontieu}, Bart and {Carlsson}, Mats},
  Journal                  = {\apj},
  Year                     = {2013},

  Month                    = feb,
  Number                   = {1},
  Pages                    = {69},
  Volume                   = {764},

  Adsnote                  = {Provided by the SAO/NASA Astrophysics Data System},
  Adsurl                   = {https://ui.adsabs.harvard.edu/abs/2013ApJ...764...69P},
  Archiveprefix            = {arXiv},
  Doi                      = {10.1088/0004-637X/764/1/69},
  Eid                      = {69},
  Eprint                   = {1212.2969},
  Keywords                 = {Sun: atmosphere, Sun: chromosphere, Sun: transition region, Astrophysics - Solar and Stellar Astrophysics},
  Primaryclass             = {astro-ph.SR}
}

@Article{Sterling2010ApJ7221644S,
  Title                    = {{Fibrillar Chromospheric Spicule-like Counterparts to an Extreme-ultraviolet and Soft X-ray Blowout Coronal Jet}},
  Author                   = {{Sterling}, Alphonse C. and {Harra}, Louise K. and {Moore}, Ronald L.},
  Journal                  = {\apj},
  Year                     = {2010},

  Month                    = oct,
  Number                   = {2},
  Pages                    = {1644-1653},
  Volume                   = {722},

  Adsnote                  = {Provided by the SAO/NASA Astrophysics Data System},
  Adsurl                   = {https://ui.adsabs.harvard.edu/abs/2010ApJ...722.1644S},
  Doi                      = {10.1088/0004-637X/722/2/1644},
  Keywords                 = {Sun: atmosphere, Sun: chromosphere, Sun: photosphere, Sun: UV radiation, Sun: X-rays, gamma rays}
}

@ARTICLE{Mart2009ApJ7011569M,
       author = {{Mart{\'\i}nez-Sykora}, Juan and {Hansteen}, Viggo and {De Pontieu}, Bart and {Carlsson}, Mats},
        title = "{Spicule-Like Structures Observed in Three-Dimensional Realistic Magnetohydrodynamic Simulations}",
      journal = {\apj},
     keywords = {MHD, methods: numerical, radiative transfer, Sun: atmosphere, Sun: magnetic fields, Astrophysics - Solar and Stellar Astrophysics},
         year = 2009,
        month = aug,
       volume = {701},
       number = {2},
        pages = {1569-1581},
          doi = {10.1088/0004-637X/701/2/1569},
archivePrefix = {arXiv},
       eprint = {0906.4446},
 primaryClass = {astro-ph.SR},
       adsurl = {https://ui.adsabs.harvard.edu/abs/2009ApJ...701.1569M},
      adsnote = {Provided by the SAO/NASA Astrophysics Data System}
}


@ARTICLE{Aschwanden2010SoPh262235A,
       author = {{Aschwanden}, Markus J.},
        title = "{Image Processing Techniques and Feature Recognition in Solar Physics}",
      journal = {\solphys},
     keywords = {Data analysis techniques},
         year = 2010,
        month = apr,
       volume = {262},
       number = {2},
        pages = {235-275},
          doi = {10.1007/s11207-009-9474-y},
       adsurl = {https://ui.adsabs.harvard.edu/abs/2010SoPh..262..235A},
      adsnote = {Provided by the SAO/NASA Astrophysics Data System}
}



@ARTICLE{Cho2019ApJ884L38C,
       author = {{Cho}, Il-Hyun and {Moon}, Yong-Jae and {Cho}, Kyung-Suk and {Nakariakov}, Valery M. and {Lee}, Jin-Yi and {Kim}, Yeon-Han},
        title = "{A New Type of Jet in a Polar Limb of the Solar Coronal Hole}",
      journal = {\apjl},
     keywords = {Solar chromosphere, Astronomy data analysis, Solar optical telescopes, 1479, 1858, 1514, Astrophysics - Solar and Stellar Astrophysics},
         year = 2019,
        month = oct,
       volume = {884},
       number = {2},
          eid = {L38},
        pages = {L38},
          doi = {10.3847/2041-8213/ab4799},
archivePrefix = {arXiv},
       eprint = {1910.09737},
 primaryClass = {astro-ph.SR},
       adsurl = {https://ui.adsabs.harvard.edu/abs/2019ApJ...884L..38C},
      adsnote = {Provided by the SAO/NASA Astrophysics Data System}
}

@ARTICLE{Moore2011ApJ731L18M,
       author = {{Moore}, Ronald L. and {Sterling}, Alphonse C. and {Cirtain}, Jonathan W. and {Falconer}, David A.},
        title = "{Solar X-ray Jets, Type-II Spicules, Granule-size Emerging Bipoles, and the Genesis of the Heliosphere}",
      journal = {\apjl},
     keywords = {Sun: activity, Sun: chromosphere, Sun: corona, Sun: heliosphere, Sun: magnetic topology, Sun: surface magnetism},
         year = 2011,
        month = apr,
       volume = {731},
       number = {1},
          eid = {L18},
        pages = {L18},
          doi = {10.1088/2041-8205/731/1/L18},
       adsurl = {https://ui.adsabs.harvard.edu/abs/2011ApJ...731L..18M},
      adsnote = {Provided by the SAO/NASA Astrophysics Data System}
}

@INBOOK{Ayres2019sgspbook27A,
       author = {{Ayres}, Thomas R.},
        title = "{Chapter 2 - Stellar and Solar Chromospheres and Attendant Phenomena}",
     keywords = {Stars: Activity, Stars: Late-type, Stars: Solar-type, Sun: Chromosphere, Sun: Corona, Sun: Photosphere, Ultraviolet: Spectra, X-rays: Stars},
    booktitle = {The Sun as a Guide to Stellar Physics},
         year = 2019,
       editor = {{Engvold}, Oddbj{\o}rn and {Vial}, Jean-Claude and {Skumanich}, Andrew},
        pages = {27-57},
          doi = {10.1016/B978-0-12-814334-6.00002-9},
       adsurl = {https://ui.adsabs.harvard.edu/abs/2019sgsp.book...27A},
      adsnote = {Provided by the SAO/NASA Astrophysics Data System}
}

@ARTICLE{Kudoh1999ApJ514493K,
       author = {{Kudoh}, Takahiro and {Shibata}, Kazunari},
        title = "{Alfv{\'e}n Wave Model of Spicules and Coronal Heating}",
      journal = {\apj},
     keywords = {MAGNETOHYDRODYNAMICS: MHD, SUN: CORONA, WAVES, Magnetohydrodynamics: MHD, Sun: Corona, Waves},
         year = 1999,
        month = mar,
       volume = {514},
       number = {1},
        pages = {493-505},
          doi = {10.1086/306930},
       adsurl = {https://ui.adsabs.harvard.edu/abs/1999ApJ...514..493K},
      adsnote = {Provided by the SAO/NASA Astrophysics Data System}
}

@ARTICLE{Aschwanden2007ApJ,
       author = {{Aschwanden}, Markus J. and {Winebarger}, Amy and {Tsiklauri}, David and {Peter}, Hardi},
        title = "{The Coronal Heating Paradox}",
      journal = {\apj},
     keywords = {Sun: Chromosphere, Sun: Corona, Hydrodynamics},
         year = 2007,
        month = apr,
       volume = {659},
       number = {2},
        pages = {1673-1681},
          doi = {10.1086/513070},
       adsurl = {https://ui.adsabs.harvard.edu/abs/2007ApJ...659.1673A},
      adsnote = {Provided by the SAO/NASA Astrophysics Data System}
}

@ARTICLE{Bogdan2003ApJ599626B,
       author = {{Bogdan}, T.~J. and {Carlsson}, M. and {Hansteen}, V.~H. and {McMurry}, A. and {Rosenthal}, C.~S. and {Johnson}, M. and {Petty-Powell}, S. and {Zita}, E.~J. and {Stein}, R.~F. and {McIntosh}, S.~W. and {Nordlund}, {\r{A}}.},
        title = "{Waves in the Magnetized Solar Atmosphere. II. Waves from Localized Sources in Magnetic Flux Concentrations}",
      journal = {\apj},
     keywords = {Magnetohydrodynamics: MHD, Sun: Chromosphere, Sun: Magnetic Fields, Sun: Oscillations, Sun: Sunspots},
         year = 2003,
        month = dec,
       volume = {599},
       number = {1},
        pages = {626-660},
          doi = {10.1086/378512},
       adsurl = {https://ui.adsabs.harvard.edu/abs/2003ApJ...599..626B},
      adsnote = {Provided by the SAO/NASA Astrophysics Data System}
}

@ARTICLE{Rosenthal2002ApJ564508R,
       author = {{Rosenthal}, C.~S. and {Bogdan}, T.~J. and {Carlsson}, M. and {Dorch}, S.~B.~F. and {Hansteen}, V. and {McIntosh}, S.~W. and {McMurry}, A. and {Nordlund}, {\r{A}}. and {Stein}, R.~F.},
        title = "{Waves in the Magnetized Solar Atmosphere. I. Basic Processes and Internetwork Oscillations}",
      journal = {\apj},
     keywords = {Magnetohydrodynamics: MHD, Sun: Chromosphere, Sun: Magnetic Fields, Sun: Oscillations},
         year = 2002,
        month = jan,
       volume = {564},
       number = {1},
        pages = {508-524},
          doi = {10.1086/324214},
       adsurl = {https://ui.adsabs.harvard.edu/abs/2002ApJ...564..508R},
      adsnote = {Provided by the SAO/NASA Astrophysics Data System}
}


@ARTICLE{Cally2008SoPh251251C,
       author = {{Cally}, P.~S. and {Goossens}, M.},
        title = "{Three-Dimensional MHD Wave Propagation and Conversion to Alfv{\'e}n Waves near the Solar Surface. I. Direct Numerical Solution}",
      journal = {\solphys},
     keywords = {Waves: magnetohydrodynamic, Helioseismology: theory, Astrophysics},
         year = 2008,
        month = sep,
       volume = {251},
       number = {1-2},
        pages = {251-265},
          doi = {10.1007/s11207-007-9086-3},
archivePrefix = {arXiv},
       eprint = {0711.0498},
 primaryClass = {astro-ph},
       adsurl = {https://ui.adsabs.harvard.edu/abs/2008SoPh..251..251C},
      adsnote = {Provided by the SAO/NASA Astrophysics Data System}
}

@ARTICLE{Demarque1999PNAS965356D,
       author = {{Demarque}, P. and {Guenther}, D.~B.},
        title = "{Helioseismology: Probing the Interior of a Star}",
      journal = {Proceedings of the National Academy of Science},
         year = 1999,
        month = may,
       volume = {96},
       number = {10},
        pages = {5356-5359},
          doi = {10.1073/pnas.96.10.5356},
       adsurl = {https://ui.adsabs.harvard.edu/abs/1999PNAS...96.5356D},
      adsnote = {Provided by the SAO/NASA Astrophysics Data System}
}

@ARTICLE{Wang2020ApJ891110W,
       author = {{Wang}, Yikang and {Yokoyama}, Takaaki},
        title = "{Simulation of Alfv{\'e}n Wave Propagation in the Magnetic Chromosphere with Radiative Loss: Effects of Nonlinear Mode Coupling on Chromospheric Heating}",
      journal = {\apj},
     keywords = {1479, 1987, Astrophysics - Solar and Stellar Astrophysics},
         year = 2020,
        month = mar,
       volume = {891},
       number = {2},
          eid = {110},
        pages = {110},
          doi = {10.3847/1538-4357/ab70b2},
archivePrefix = {arXiv},
       eprint = {2003.05796},
 primaryClass = {astro-ph.SR},
       adsurl = {https://ui.adsabs.harvard.edu/abs/2020ApJ...891..110W},
      adsnote = {Provided by the SAO/NASA Astrophysics Data System}
}

@ARTICLE{Hollweg1982SoPh7535H,
       author = {{Hollweg}, J.~V. and {Jackson}, S. and {Galloway}, D.},
        title = "{Alfven Waves in the Solar Atmospheres - Part Three - Nonlinear Waves on Open Flux Tubes}",
      journal = {\solphys},
     keywords = {Magnetic Flux, Magnetohydrodynamic Waves, Plasma Dynamics, Solar Atmosphere, Wave Propagation, Chromosphere, Nonlinear Systems, Shock Wave Propagation, Solar Corona, Spicules, Solar Physics},
         year = 1982,
        month = jan,
       volume = {75},
       number = {1-2},
        pages = {35-61},
          doi = {10.1007/BF00153458},
       adsurl = {https://ui.adsabs.harvard.edu/abs/1982SoPh...75...35H},
      adsnote = {Provided by the SAO/NASA Astrophysics Data System}
}

@INPROCEEDINGS{Ayres2009astro2010S9A,
       author = {{Ayres}, T. and {Uitenbroek}, H. and {Cauzzi}, G. and {Reardon}, K. and {Berger}, T. and {Schrijver}, C. and {de Pontieu}, B. and {Judge}, P. and {McIntosh}, S. and {White}, S. and {Solanki}, S.},
        title = "{The Solar Chromosphere: Old Challenges, New Frontiers}",
    booktitle = {astro2010: The Astronomy and Astrophysics Decadal Survey},
         year = 2009,
       volume = {2010},
        month = jan,
        pages = {9},
       adsurl = {https://ui.adsabs.harvard.edu/abs/2009astro2010S...9A},
      adsnote = {Provided by the SAO/NASA Astrophysics Data System}
}

@ARTICLE{Zhenyong2018ApJ85565H,
       author = {{Hou}, Zhenyong and {Huang}, Zhenghua and {Xia}, Lidong and {Li}, Bo and {Fu}, Hui},
        title = "{Observations of Upward Propagating Waves in the Transition Region and Corona above Sunspots}",
      journal = {\apj},
     keywords = {methods: observational, Sun: corona, Sun: oscillations, Sun: transition region, sunspots, Astrophysics - Solar and Stellar Astrophysics},
         year = 2018,
        month = mar,
       volume = {855},
       number = {1},
          eid = {65},
        pages = {65},
          doi = {10.3847/1538-4357/aaab5a},
archivePrefix = {arXiv},
       eprint = {1801.07515},
 primaryClass = {astro-ph.SR},
       adsurl = {https://ui.adsabs.harvard.edu/abs/2018ApJ...855...65H},
      adsnote = {Provided by the SAO/NASA Astrophysics Data System}
}

@BOOK{Mariska1992strbookM,
       author = {{Mariska}, John T.},
        title = "{The Solar Transition Region}",
         year = 1992,
       adsurl = {https://ui.adsabs.harvard.edu/abs/1992str..book.....M},
      adsnote = {Provided by the SAO/NASA Astrophysics Data System}
}

@INPROCEEDINGS{Hansteen2007ASPC369193H,
       author = {{Hansteen}, V.~H.},
        title = "{Waves and Shocks in the Solar Atmosphere}",
    booktitle = {New Solar Physics with Solar-B Mission},
         year = 2007,
       editor = {{Shibata}, K. and {Nagata}, S. and {Sakurai}, T.},
       series = {Astronomical Society of the Pacific Conference Series},
       volume = {369},
        month = oct,
        pages = {193},
       adsurl = {https://ui.adsabs.harvard.edu/abs/2007ASPC..369..193H},
      adsnote = {Provided by the SAO/NASA Astrophysics Data System}
}

@INBOOK{Athay1981NASSP45085A,
       author = {{Athay}, R.~G.},
        title = "{The chromosphere and transition region.}",
     keywords = {Chromosphere, Photosphere, Solar Atmosphere, Solar Corona, Thermodynamics, Atmospheric Models, Gas Dynamics, Solar Eclipses, Solar Limb, Stellar Structure, Sun, Astrophysics, Solar Atmosphere:Models, Solar Transition Region:Models},
    booktitle = {NASA Special Publication},
         year = 1981,
       editor = {{Jordan}, Stuart},
       volume = {450},
        pages = {85-133},
       adsurl = {https://ui.adsabs.harvard.edu/abs/1981NASSP.450...85A},
      adsnote = {Provided by the SAO/NASA Astrophysics Data System}
}

@ARTICLE{Sakurai2017PJAB9387S,
       author = {{Sakurai}, Takashi},
        title = "{Heating mechanisms of the solar corona}",
      journal = {Proceeding of the Japan Academy, Series B},
     keywords = {Sun: corona, Sun: magnetic fields, Sun: activity, plasma physics},
         year = 2017,
        month = feb,
       volume = {93},
        pages = {87-97},
          doi = {10.2183/pjab.93.006},
       adsurl = {https://ui.adsabs.harvard.edu/abs/2017PJAB...93...87S},
      adsnote = {Provided by the SAO/NASA Astrophysics Data System}
}

@ARTICLE{Escande2019NatSR914274E,
       author = {{Escande}, D.~F. and {Gondret}, V. and {Sattin}, F.},
        title = "{Relevant heating of the quiet solar corona by Alfv{\'e}n waves: a result of adiabaticity breakdown}",
      journal = {Scientific Reports},
         year = 2019,
        month = oct,
       volume = {9},
          eid = {14274},
        pages = {14274},
          doi = {10.1038/s41598-019-50820-x},
       adsurl = {https://ui.adsabs.harvard.edu/abs/2019NatSR...914274E},
      adsnote = {Provided by the SAO/NASA Astrophysics Data System}
}


@ARTICLE{Priest1998Natur393545P,
       author = {{Priest}, E.~R. and {Foley}, C.~R. and {Heyvaerts}, J. and {Arber}, T.~D. and {Culhane}, J.~L. and {Acton}, L.~W.},
        title = "{Nature of the heating mechanism for the diffuse solar corona}",
      journal = {\nat},
         year = 1998,
        month = jun,
       volume = {393},
       number = {6685},
        pages = {545-547},
          doi = {10.1038/31166},
       adsurl = {https://ui.adsabs.harvard.edu/abs/1998Natur.393..545P},
      adsnote = {Provided by the SAO/NASA Astrophysics Data System}
}

@ARTICLE{Doorsselaere2020SSRv216140V,
       author = {{Van Doorsselaere}, Tom and {Srivastava}, Abhishek K. and {Antolin}, Patrick and {Magyar}, Norbert and {Vasheghani Farahani}, Soheil and {Tian}, Hui and {Kolotkov}, Dmitrii and {Ofman}, Leon and {Guo}, Mingzhe and {Arregui}, I{\~n}igo and {De Moortel}, Ineke and {Pascoe}, David},
        title = "{Coronal Heating by MHD Waves}",
      journal = {\ssr},
     keywords = {Sun: corona, Sun: waves, Astrophysics - Solar and Stellar Astrophysics},
         year = 2020,
        month = dec,
       volume = {216},
       number = {8},
          eid = {140},
        pages = {140},
          doi = {10.1007/s11214-020-00770-y},
archivePrefix = {arXiv},
       eprint = {2012.01371},
 primaryClass = {astro-ph.SR},
       adsurl = {https://ui.adsabs.harvard.edu/abs/2020SSRv..216..140V},
      adsnote = {Provided by the SAO/NASA Astrophysics Data System}
}

@ARTICLE{Alfv1947MNRAS107211A,
       author = {{Alfv{\'e}n}, H.},
        title = "{Magneto hydrodynamic waves, and the heating of the solar corona}",
      journal = {\mnras},
         year = 1947,
        month = jan,
       volume = {107},
        pages = {211},
          doi = {10.1093/mnras/107.2.211},
       adsurl = {https://ui.adsabs.harvard.edu/abs/1947MNRAS.107..211A},
      adsnote = {Provided by the SAO/NASA Astrophysics Data System}
}

@ARTICLE{Parnell2012RSPTA3703217P,
       author = {{Parnell}, C.~E. and {De Moortel}, I.},
        title = "{A contemporary view of coronal heating}",
      journal = {Philosophical Transactions of the Royal Society of London Series A},
     keywords = {Astrophysics - Solar and Stellar Astrophysics},
         year = 2012,
        month = jul,
       volume = {370},
       number = {1970},
        pages = {3217-3240},
          doi = {10.1098/rsta.2012.0113},
archivePrefix = {arXiv},
       eprint = {1206.6097},
 primaryClass = {astro-ph.SR},
       adsurl = {https://ui.adsabs.harvard.edu/abs/2012RSPTA.370.3217P},
      adsnote = {Provided by the SAO/NASA Astrophysics Data System}
}

@ARTICLE{Arregui2015RSPTA37340261A,
       author = {{Arregui}, I{\~n}igo},
        title = "{Wave heating of the solar atmosphere}",
      journal = {Philosophical Transactions of the Royal Society of London Series A},
     keywords = {Sun, magnetic fields, magnetohydrodynamics, waves, coronal heating, Astrophysics - Solar and Stellar Astrophysics},
         year = 2015,
        month = apr,
       volume = {373},
       number = {2042},
        pages = {20140261-20140261},
          doi = {10.1098/rsta.2014.0261},
archivePrefix = {arXiv},
       eprint = {1501.06708},
 primaryClass = {astro-ph.SR},
       adsurl = {https://ui.adsabs.harvard.edu/abs/2015RSPTA.37340261A},
      adsnote = {Provided by the SAO/NASA Astrophysics Data System}
}

@ARTICLE{Antolin2021NatAs554A,
       author = {{Antolin}, Patrick and {Pagano}, Paolo and {Testa}, Paola and {Petralia}, Antonino and {Reale}, Fabio},
        title = "{Reconnection nanojets in the solar corona}",
      journal = {Nature Astronomy},
         year = 2021,
        month = jan,
       volume = {5},
        pages = {54-62},
          doi = {10.1038/s41550-020-1199-8},
       adsurl = {https://ui.adsabs.harvard.edu/abs/2021NatAs...5...54A},
      adsnote = {Provided by the SAO/NASA Astrophysics Data System}
}

@INPROCEEDINGS{Antolin2008IAUS247279A,
       author = {{Antolin}, Patrick and {Shibata}, Kazunari and {Kudoh}, Takahiro and {Shiota}, Daiko and {Brooks}, David},
        title = "{Predicting observational signatures of coronal heating by Alfv{\'e}n waves and nanoflares}",
     keywords = {Sun: corona, Sun: flares, (magnetohydrodynamics:) MHD, waves},
    booktitle = {Waves \& Oscillations in the Solar Atmosphere: Heating and Magneto-Seismology},
         year = 2008,
       editor = {{Erd{\'e}lyi}, Robert and {Mendoza-Briceno}, C{\'e}sar A.},
       volume = {247},
        month = may,
        pages = {279-287},
          doi = {10.1017/S174392130801497X},
       adsurl = {https://ui.adsabs.harvard.edu/abs/2008IAUS..247..279A},
      adsnote = {Provided by the SAO/NASA Astrophysics Data System}
}


@INPROCEEDINGS{Kudoh2008IAUS247195K,
       author = {{Kudoh}, Takahiro},
        title = "{Nonlinear Alfv{\'e}n wave model of spicules and coronal heating}",
     keywords = {Sun:chromosphere, Sun:corona, Sun:magnetic fields, Sun:oscillations},
    booktitle = {Waves \& Oscillations in the Solar Atmosphere: Heating and Magneto-Seismology},
         year = 2008,
       editor = {{Erd{\'e}lyi}, Robert and {Mendoza-Briceno}, C{\'e}sar A.},
       volume = {247},
        month = may,
        pages = {195-200},
          doi = {10.1017/S1743921308014877},
       adsurl = {https://ui.adsabs.harvard.edu/abs/2008IAUS..247..195K},
      adsnote = {Provided by the SAO/NASA Astrophysics Data System}
}


@ARTICLE{Parnell2000ApJ529554P,
       author = {{Parnell}, C.~E. and {Jupp}, P.~E.},
        title = "{Statistical Analysis of the Energy Distribution of Nanoflares in the Quiet Sun}",
      journal = {\apj},
     keywords = {MAGNETOHYDRODYNAMICS: MHD, SUN: CORONA, SUN: FLARES, Magnetohydrodynamics: MHD, Sun: Corona, Sun: Flares},
         year = 2000,
        month = jan,
       volume = {529},
       number = {1},
        pages = {554-569},
          doi = {10.1086/308271},
       adsurl = {https://ui.adsabs.harvard.edu/abs/2000ApJ...529..554P},
      adsnote = {Provided by the SAO/NASA Astrophysics Data System}
}

@ARTICLE{Klimchuk2001ApJ553440K,
       author = {{Klimchuk}, J.~A. and {Cargill}, P.~J.},
        title = "{Spectroscopic Diagnostics of Nanoflare-heated Loops}",
      journal = {\apj},
     keywords = {Sun: Corona, Sun: UV Radiation, Techniques: Spectroscopic},
         year = 2001,
        month = may,
       volume = {553},
       number = {1},
        pages = {440-448},
          doi = {10.1086/320666},
       adsurl = {https://ui.adsabs.harvard.edu/abs/2001ApJ...553..440K},
      adsnote = {Provided by the SAO/NASA Astrophysics Data System}
}

@ARTICLE{Parker1988ApJ330474P,
       author = {{Parker}, E.~N.},
        title = "{Nanoflares and the Solar X-Ray Corona}",
      journal = {\apj},
     keywords = {Solar Corona, Solar Flares, Solar Magnetic Field, Solar X-Rays, Ultraviolet Radiation, High Temperature Gases, Lines Of Force, Photosphere, Spatial Resolution, Steady State, Solar Physics, HYDROMAGNETICS, SUN: CORONA, SUN: FLARES},
         year = 1988,
        month = jul,
       volume = {330},
        pages = {474},
          doi = {10.1086/166485},
       adsurl = {https://ui.adsabs.harvard.edu/abs/1988ApJ...330..474P},
      adsnote = {Provided by the SAO/NASA Astrophysics Data System}
}

@ARTICLE{Cargill1993SoPh147263C,
       author = {{Cargill}, Peter J.},
        title = "{The Fine Structure of a Nanoflare-Heated Corona}",
      journal = {\solphys},
         year = 1993,
        month = oct,
       volume = {147},
       number = {2},
        pages = {263-268},
          doi = {10.1007/BF00690717},
       adsurl = {https://ui.adsabs.harvard.edu/abs/1993SoPh..147..263C},
      adsnote = {Provided by the SAO/NASA Astrophysics Data System}
}


@ARTICLE{Cargill1997ApJ478799C,
       author = {{Cargill}, P.~J. and {Klimchuk}, J.~A.},
        title = "{A Nanoflare Explanation for the Heating of Coronal Loops Observed by Yohkoh}",
      journal = {\apj},
     keywords = {Sun: Corona, Sun: Flares, Sun: X-Rays, Gamma Rays},
         year = 1997,
        month = mar,
       volume = {478},
       number = {2},
        pages = {799-806},
          doi = {10.1086/303816},
       adsurl = {https://ui.adsabs.harvard.edu/abs/1997ApJ...478..799C},
      adsnote = {Provided by the SAO/NASA Astrophysics Data System}
}

@ARTICLE{Cargill2004ApJ605911C,
       author = {{Cargill}, Peter J. and {Klimchuk}, James A.},
        title = "{Nanoflare Heating of the Corona Revisited}",
      journal = {\apj},
     keywords = {Sun: Corona, Sun: Flares},
         year = 2004,
        month = apr,
       volume = {605},
       number = {2},
        pages = {911-920},
          doi = {10.1086/382526},
       adsurl = {https://ui.adsabs.harvard.edu/abs/2004ApJ...605..911C},
      adsnote = {Provided by the SAO/NASA Astrophysics Data System}
}

@ARTICLE{Uchida1974SoPh35451U,
       author = {{Uchida}, Yutaka and {Kaburaki}, Osamu},
        title = "{Excess Heating of Corona and Chromosphere Above Magnetic Regions by Non-Linear Alfv{\'e}n Waves}",
      journal = {\solphys},
         year = 1974,
        month = apr,
       volume = {35},
       number = {2},
        pages = {451-466},
          doi = {10.1007/BF00151968},
       adsurl = {https://ui.adsabs.harvard.edu/abs/1974SoPh...35..451U},
      adsnote = {Provided by the SAO/NASA Astrophysics Data System}
}

@ARTICLE{Wentzel1974SoPh39129W,
       author = {{Wentzel}, D.~G.},
        title = "{Coronal Heating by Alfv{\'e}n Waves}",
      journal = {\solphys},
     keywords = {Atmospheric Heating, Magnetohydrodynamic Waves, Solar Corona, Wave Attenuation, Differential Equations, Energy Dissipation, Magnetohydrodynamic Turbulence, Wave Interaction, Solar Physics},
         year = 1974,
        month = nov,
       volume = {39},
       number = {1},
        pages = {129-140},
          doi = {10.1007/BF00154975},
       adsurl = {https://ui.adsabs.harvard.edu/abs/1974SoPh...39..129W},
      adsnote = {Provided by the SAO/NASA Astrophysics Data System}
}


@ARTICLE{Robert2004AG45d34E,
       author = {{Erd{\'e}lyi}, Robert},
        title = "{Coronal heating: Heating in the solar atmosphere}",
      journal = {Astronomy and Geophysics},
         year = 2004,
        month = aug,
       volume = {45},
       number = {4},
        pages = {4.34-4.37},
          doi = {10.1046/j.1468-4004.2003.45434.x},
       adsurl = {https://ui.adsabs.harvard.edu/abs/2004A&G....45d..34E},
      adsnote = {Provided by the SAO/NASA Astrophysics Data System}
}

@ARTICLE{Grotrian1939,
       author = {{Grotrian}, W.},
        title = "{Zur Frage der Deutung der Linien im Spektrum der Sonnenkorona}",
      journal = {Naturwissenschaften},
         year = 1939,
        month = mar,
       volume = {27},
       number = {13},
        pages = {214-214},
          doi = {10.1007/BF01488890},
       adsurl = {https://ui.adsabs.harvard.edu/abs/1939NW.....27..214G},
      adsnote = {Provided by the SAO/NASA Astrophysics Data System}
}
@ARTICLE{Edl1943,
       author = {{Edl{\'e}n}, Bengt},
        title = "{Die Deutung der Emissionslinien im Spektrum der Sonnenkorona. Mit 6 Abbildungen.}",
      journal = {\zap},
         year = 1943,
        month = jan,
       volume = {22},
        pages = {30},
       adsurl = {https://ui.adsabs.harvard.edu/abs/1943ZA.....22...30E},
      adsnote = {Provided by the SAO/NASA Astrophysics Data System}
}

@ARTICLE{Pontieu2005ApJ624L61D,
       author = {{De Pontieu}, B. and {Erd{\'e}lyi}, R. and {De Moortel}, I.},
        title = "{How to Channel Photospheric Oscillations into the Corona}",
      journal = {\apjl},
     keywords = {Magnetic Fields, Sun: Chromosphere, Sun: Corona, Sun: Photosphere, Sun: Transition Region},
         year = 2005,
        month = may,
       volume = {624},
       number = {1},
        pages = {L61-L64},
          doi = {10.1086/430345},
       adsurl = {https://ui.adsabs.harvard.edu/abs/2005ApJ...624L..61D},
      adsnote = {Provided by the SAO/NASA Astrophysics Data System}
}

@ARTICLE{Leighton1962ApJ135474L,
       author = {{Leighton}, Robert B. and {Noyes}, Robert W. and {Simon}, George W.},
        title = "{Velocity Fields in the Solar Atmosphere. I. Preliminary Report.}",
      journal = {\apj},
         year = 1962,
        month = mar,
       volume = {135},
        pages = {474},
          doi = {10.1086/147285},
       adsurl = {https://ui.adsabs.harvard.edu/abs/1962ApJ...135..474L},
      adsnote = {Provided by the SAO/NASA Astrophysics Data System}
}

@ARTICLE{Gary2001SoPh20371G,
       author = {{Gary}, G. Allen},
        title = "{Plasma Beta above a Solar Active Region: Rethinking the Paradigm}",
      journal = {\solphys},
         year = 2001,
        month = oct,
       volume = {203},
       number = {1},
        pages = {71-86},
          doi = {10.1023/A:1012722021820},
       adsurl = {https://ui.adsabs.harvard.edu/abs/2001SoPh..203...71G},
      adsnote = {Provided by the SAO/NASA Astrophysics Data System}
}



@ARTICLE{Appourchaux2019AA624A106A,
       author = {{Appourchaux}, T. and {Corbard}, T.},
        title = "{Searching for g modes. II. Unconfirmed g-mode detection in the power spectrum of the time series of round-trip travel time}",
      journal = {\aap},
     keywords = {Sun: helioseismology, Sun: interior, Sun: oscillations, Astrophysics - Solar and Stellar Astrophysics},
         year = 2019,
        month = apr,
       volume = {624},
          eid = {A106},
        pages = {A106},
          doi = {10.1051/0004-6361/201935196},
archivePrefix = {arXiv},
       eprint = {1903.03791},
 primaryClass = {astro-ph.SR},
       adsurl = {https://ui.adsabs.harvard.edu/abs/2019A&A...624A.106A},
      adsnote = {Provided by the SAO/NASA Astrophysics Data System}
}

@ARTICLE{Fossat2017AA604A40F,
       author = {{Fossat}, E. and {Boumier}, P. and {Corbard}, T. and {Provost}, J. and {Salabert}, D. and {Schmider}, F.~X. and {Gabriel}, A.~H. and {Grec}, G. and {Renaud}, C. and {Robillot}, J.~M. and {Roca-Cort{\'e}s}, T. and {Turck-Chi{\`e}ze}, S. and {Ulrich}, R.~K. and {Lazrek}, M.},
        title = "{Asymptotic g modes: Evidence for a rapid rotation of the solar core}",
      journal = {\aap},
     keywords = {Sun: helioseismology, Sun: oscillations, Sun: rotation, Sun: interior, Astrophysics - Solar and Stellar Astrophysics},
         year = 2017,
        month = aug,
       volume = {604},
          eid = {A40},
        pages = {A40},
          doi = {10.1051/0004-6361/201730460},
archivePrefix = {arXiv},
       eprint = {1708.00259},
 primaryClass = {astro-ph.SR},
       adsurl = {https://ui.adsabs.harvard.edu/abs/2017A&A...604A..40F},
      adsnote = {Provided by the SAO/NASA Astrophysics Data System}
}

@ARTICLE{Fossat2018AA612L1F,
       author = {{Fossat}, E. and {Schmider}, F.~X.},
        title = "{More about solar g modes}",
      journal = {\aap},
     keywords = {Sun: interior, Sun: helioseismology, Sun: rotation, Sun: oscillations},
         year = 2018,
        month = apr,
       volume = {612},
          eid = {L1},
        pages = {L1},
          doi = {10.1051/0004-6361/201832626},
       adsurl = {https://ui.adsabs.harvard.edu/abs/2018A&A...612L...1F},
      adsnote = {Provided by the SAO/NASA Astrophysics Data System}
}

@ARTICLE{Garc2007Sci3161591G,
       author = {{Garc{\'\i}a}, Rafael A. and {Turck-Chi{\`e}ze}, Sylvaine and {Jim{\'e}nez-Reyes}, Sebastian J. and {Ballot}, J{\'e}r{\^o}me and {Pall{\'e}}, Pere L. and {Eff-Darwich}, Antonio and {Mathur}, Savita and {Provost}, Janine},
        title = "{Tracking Solar Gravity Modes: The Dynamics of the Solar Core}",
      journal = {Science},
     keywords = {ASTRONOMY},
         year = 2007,
        month = jun,
       volume = {316},
       number = {5831},
        pages = {1591},
          doi = {10.1126/science.1140598},
       adsurl = {https://ui.adsabs.harvard.edu/abs/2007Sci...316.1591G},
      adsnote = {Provided by the SAO/NASA Astrophysics Data System}
}

@ARTICLE{Scherrer2019ApJ87742S,
       author = {{Scherrer}, P.~H. and {Gough}, D.~O.},
        title = "{A Critical Evaluation of Recent Claims Concerning Solar Rotation}",
      journal = {\apj},
     keywords = {Sun: helioseismology, Sun: oscillations, Sun: rotation, Astrophysics - Solar and Stellar Astrophysics},
         year = 2019,
        month = may,
       volume = {877},
       number = {1},
          eid = {42},
        pages = {42},
          doi = {10.3847/1538-4357/ab13ad},
archivePrefix = {arXiv},
       eprint = {1904.02820},
 primaryClass = {astro-ph.SR},
       adsurl = {https://ui.adsabs.harvard.edu/abs/2019ApJ...877...42S},
      adsnote = {Provided by the SAO/NASA Astrophysics Data System}
}

@ARTICLE{Schunker2018SoPh29395S,
       author = {{Schunker}, Hannah and {Schou}, Jesper and {Gaulme}, Patrick and {Gizon}, Laurent},
        title = "{Fragile Detection of Solar g-Modes by Fossat et al.}",
      journal = {\solphys},
     keywords = {Helioseismology, observations, Interior, Oscillations, Astrophysics - Solar and Stellar Astrophysics},
         year = 2018,
        month = jun,
       volume = {293},
       number = {6},
          eid = {95},
        pages = {95},
          doi = {10.1007/s11207-018-1313-6},
archivePrefix = {arXiv},
       eprint = {1804.04407},
 primaryClass = {astro-ph.SR},
       adsurl = {https://ui.adsabs.harvard.edu/abs/2018SoPh..293...95S},
      adsnote = {Provided by the SAO/NASA Astrophysics Data System}
}

@ARTICLE{Appourchaux2010AARv18197A,
       author = {{Appourchaux}, T. and {Belkacem}, K. and {Broomhall}, A. -M. and {Chaplin}, W.~J. and {Gough}, D.~O. and {Houdek}, G. and {Provost}, J. and {Baudin}, F. and {Boumier}, P. and {Elsworth}, Y. and {Garc{\'\i}a}, R.~A. and {Andersen}, B.~N. and {Finsterle}, W. and {Fr{\"o}hlich}, C. and {Gabriel}, A. and {Grec}, G. and {Jim{\'e}nez}, A. and {Kosovichev}, A. and {Sekii}, T. and {Toutain}, T. and {Turck-Chi{\`e}ze}, S.},
        title = "{The quest for the solar g modes}",
      journal = {\aapr},
     keywords = {Sun, Theory, Data analysis, g modes, Astrophysics - Solar and Stellar Astrophysics},
         year = 2010,
        month = feb,
       volume = {18},
       number = {1-2},
        pages = {197-277},
          doi = {10.1007/s00159-009-0027-z},
archivePrefix = {arXiv},
       eprint = {0910.0848},
 primaryClass = {astro-ph.SR},
       adsurl = {https://ui.adsabs.harvard.edu/abs/2010A&ARv..18..197A},
      adsnote = {Provided by the SAO/NASA Astrophysics Data System}
}


@ARTICLE{Lehmann1936,
       author = {{Lehmann}, I.},
        title = "{P'}",
      journal = {Bur. Centr. Seismol. Int. A},
         year = 1936,
       volume = {14},
        pages = {87-115},
}

@ARTICLE{Wedemeyer2009SSRv144317W,
       author = {{Wedemeyer-B{\"o}hm}, S. and {Lagg}, A. and {Nordlund}, {\r{A}}.},
        title = "{Coupling from the Photosphere to the Chromosphere and the Corona}",
      journal = {\ssr},
     keywords = {Sun, Photosphere, Chromosphere, Corona, Convection, Magnetohydrodynamics, Radiative transfer, Astrophysics},
         year = 2009,
        month = apr,
       volume = {144},
       number = {1-4},
        pages = {317-350},
          doi = {10.1007/s11214-008-9447-8},
archivePrefix = {arXiv},
       eprint = {0809.0987},
 primaryClass = {astro-ph},
       adsurl = {https://ui.adsabs.harvard.edu/abs/2009SSRv..144..317W},
      adsnote = {Provided by the SAO/NASA Astrophysics Data System}
}



@ARTICLE{Shibata1992PASJ,
       author = {{Shibata}, Kazunari and {Ishido}, Yoshinori and {Acton}, Loren W. and
         {Strong}, Keith T. and {Hirayama}, Tadashi and {Uchida}, Yutaka and
         {McAllister}, Alan H. and {Matsumoto}, Ryoji and {Tsuneta}, Saku and
         {Shimizu}, Toshifumi and {Hara}, Hirohisa and {Sakurai}, Takashi and
         {Ichimoto}, Kiyoshi and {Nishino}, Yohei and {Ogawara}, Yoshiaki},
        title = "{Observations of X-Ray Jets with the YOHKOH Soft X-Ray Telescope}",
      journal = {\pasj},
     keywords = {Plasma Jets, Solar Corona, Solar X-Rays, Spaceborne Astronomy, X Ray Telescopes, Japanese Spacecraft, Solar Magnetic Field, Solar Physics, SUN: CORONA, SUN: X-RAYS, SUN: MAGNETIC FIELDS, CORONAL JETS},
         year = 1992,
        month = oct,
       volume = {44},
        pages = {L173-L179},
       adsurl = {https://ui.adsabs.harvard.edu/abs/1992PASJ...44L.173S},
      adsnote = {Provided by the SAO/NASA Astrophysics Data System}
}
%------------------
@ARTICLE{Woltjer1954BAN,
       author = {{Woltjer}, L.},
        title = "{A photometric investigation of the spicules and the structure of the chromosphere}",
      journal = {\bain},
         year = 1954,
        month = sep,
       volume = {12},
        pages = {165},
       adsurl = {https://ui.adsabs.harvard.edu/abs/1954BAN....12..165W},
      adsnote = {Provided by the SAO/NASA Astrophysics Data System}
}
%-----------
@ARTICLE{Li2009RAA,
       author = {{Li}, Ying and {Ding}, Ming-De},
        title = "{Measurements of spectral lines observed with Hinode/EIS as implications for coronal heating}",
      journal = {Research in Astronomy and Astrophysics},
         year = 2009,
        month = jul,
       volume = {9},
       number = {7},
        pages = {829-840},
          doi = {10.1088/1674-4527/9/7/011},
       adsurl = {https://ui.adsabs.harvard.edu/abs/2009RAA.....9..829L},
      adsnote = {Provided by the SAO/NASA Astrophysics Data System}
}
%----------
@ARTICLE{Rush1954AuJPh,
       author = {{Rush}, J.~H. and {Roberts}, W.~O.},
        title = "{Recent Studies of Chromospheric Spicules}",
      journal = {Australian Journal of Physics},
         year = 1954,
        month = jun,
       volume = {7},
        pages = {230},
          doi = {10.1071/PH540230},
       adsurl = {https://ui.adsabs.harvard.edu/abs/1954AuJPh...7..230R},
      adsnote = {Provided by the SAO/NASA Astrophysics Data System}
}
%-------------------------
@BOOK{Thomas1961,
author = {Thomas, Richard N and Athay, R Grant},
title = {{Physics of the Solar Chromosphere}},
year = {1961},
volume = {29},
doi={10.1119/1.1937605},
url = {https://doi.org/10.1119/1.1937605},
}
%-----------------------
@ARTICLE{Pereira2014ApJ,
       author = {{Pereira}, T.~M.~D. and {De Pontieu}, B. and {Carlsson}, M. and
         {Hansteen}, V. and {Tarbell}, T.~D. and {Lemen}, J. and {Title}, A. and
         {Boerner}, P. and {Hurlburt}, N. and {W{\"u}lser}, J.~P. and
         {Mart{\'\i}nez-Sykora}, J. and {Kleint}, L. and {Golub}, L. and
         {McKillop}, S. and {Reeves}, K.~K. and {Saar}, S. and {Testa}, P. and
         {Tian}, H. and {Jaeggli}, S. and {Kankelborg}, C.},
        title = "{An Interface Region Imaging Spectrograph First View on Solar Spicules}",
      journal = {\apjl},
     keywords = {Sun: atmosphere, Sun: chromosphere, Sun: transition region, Astrophysics - Solar and Stellar Astrophysics},
         year = 2014,
        month = sep,
       volume = {792},
       number = {1},
          eid = {L15},
        pages = {L15},
          doi = {10.1088/2041-8205/792/1/L15},
archivePrefix = {arXiv},
       eprint = {1407.6360},
 primaryClass = {astro-ph.SR},
       adsurl = {https://ui.adsabs.harvard.edu/abs/2014ApJ...792L..15P},
      adsnote = {Provided by the SAO/NASA Astrophysics Data System}
}
%-------------------------
@ARTICLE{Zhang2012ApJ,
       author = {{Zhang}, Y.~Z. and {Shibata}, K. and {Wang}, J.~X. and {Mao}, X.~J. and
         {Matsumoto}, T. and {Liu}, Y. and {Su}, J.~T.},
        title = "{Revision of Solar Spicule Classification}",
      journal = {\apj},
     keywords = {Sun: chromosphere, Sun: corona, Sun: transition region, Astrophysics - Solar and Stellar Astrophysics},
         year = 2012,
        month = may,
       volume = {750},
       number = {1},
          eid = {16},
        pages = {16},
          doi = {10.1088/0004-637X/750/1/16},
archivePrefix = {arXiv},
       eprint = {1202.4518},
 primaryClass = {astro-ph.SR},
       adsurl = {https://ui.adsabs.harvard.edu/abs/2012ApJ...750...16Z},
      adsnote = {Provided by the SAO/NASA Astrophysics Data System}
}
%-------------------------
@ARTICLE{Sekse2012ApJ,
       author = {{Sekse}, D.~H. and {Rouppe van der Voort}, L. and {De Pontieu}, B.},
        title = "{Statistical Properties of the Disk Counterparts of Type II Spicules from Simultaneous Observations of Rapid Blueshifted Excursions in Ca II 8542 and H{\ensuremath{\alpha}}}",
      journal = {\apj},
     keywords = {Sun: atmosphere, Sun: chromosphere, Sun: corona, Astrophysics - Solar and Stellar Astrophysics},
         year = 2012,
        month = jun,
       volume = {752},
       number = {2},
          eid = {108},
        pages = {108},
          doi = {10.1088/0004-637X/752/2/108},
archivePrefix = {arXiv},
       eprint = {1204.2943},
 primaryClass = {astro-ph.SR},
       adsurl = {https://ui.adsabs.harvard.edu/abs/2012ApJ...752..108S},
      adsnote = {Provided by the SAO/NASA Astrophysics Data System}
}
%-------------------------
@ARTICLE{Rouppe2009ApJ,
       author = {{Rouppe van der Voort}, L. and {Leenaarts}, J. and {De Pontieu}, B. and
         {Carlsson}, M. and {Vissers}, G.},
        title = "{On-disk Counterparts of Type II Spicules in the Ca II 854.2 nm and H{\ensuremath{\alpha}} Lines}",
      journal = {\apj},
     keywords = {Sun: atmosphere, Sun: atmospheric motions, Sun: chromosphere, Sun: magnetic fields, Astrophysics - Solar and Stellar Astrophysics},
         year = 2009,
        month = nov,
       volume = {705},
       number = {1},
        pages = {272-284},
          doi = {10.1088/0004-637X/705/1/272},
archivePrefix = {arXiv},
       eprint = {0909.2115},
 primaryClass = {astro-ph.SR},
       adsurl = {https://ui.adsabs.harvard.edu/abs/2009ApJ...705..272R},
      adsnote = {Provided by the SAO/NASA Astrophysics Data System}
}
%-----------
@ARTICLE{Pontieu2011Sci,
       author = {{De Pontieu}, B. and {McIntosh}, S.~W. and {Carlsson}, M. and
         {Hansteen}, V.~H. and {Tarbell}, T.~D. and {Boerner}, P. and
         {Martinez-Sykora}, J. and {Schrijver}, C.~J. and {Title}, A.~M.},
        title = "{The Origins of Hot Plasma in the Solar Corona}",
      journal = {Science},
     keywords = {ASTRONOMY},
         year = 2011,
        month = jan,
       volume = {331},
       number = {6013},
        pages = {55},
          doi = {10.1126/science.1197738},
       adsurl = {https://ui.adsabs.harvard.edu/abs/2011Sci...331...55D},
      adsnote = {Provided by the SAO/NASA Astrophysics Data System}
}
%-------------------------
@INBOOK{Pontieu2007ASPC,
       author = {{De Pontieu}, B.},
        title = "{Chromospheric Dynamics: Spicules and Waves}",
    booktitle = {New Solar Physics with Solar-B Mission},
         year = 2007,
       editor = {{Shibata}, K. and {Nagata}, S. and {Sakurai}, T.},
       volume = {369},
       series = {Astronomical Society of the Pacific Conference Series},
        pages = {231},
       adsurl = {https://ui.adsabs.harvard.edu/abs/2007ASPC..369..231D},
      adsnote = {Provided by the SAO/NASA Astrophysics Data System}
}
%%--------------------
@ARTICLE{DePontieu2009,
       author = {{De Pontieu}, Bart and {McIntosh}, Scott W. and {Hansteen}, Viggo H. and
         {Schrijver}, Carolus J.},
        title = "{Observing the Roots of Solar Coronal Heating{\textemdash}in the Chromosphere}",
      journal = {\apjl},
     keywords = {Sun: atmospheric motions, Sun: chromosphere, Sun: corona, Sun: magnetic fields, Sun: transition region, Astrophysics - Solar and Stellar Astrophysics},
         year = 2009,
        month = aug,
       volume = {701},
       number = {1},
        pages = {L1-L6},
          doi = {10.1088/0004-637X/701/1/L1},
archivePrefix = {arXiv},
       eprint = {0906.5434},
 primaryClass = {astro-ph.SR},
       adsurl = {https://ui.adsabs.harvard.edu/abs/2009ApJ...701L...1D},
      adsnote = {Provided by the SAO/NASA Astrophysics Data System}
}
%-----------------------
@ARTICLE{Pontieu2007astroph2081D,
       author = {{De Pontieu}, Bart and {Hansteen}, Viggo H. and
         {Rouppe van der Voort}, Luc and {van Noort}, Michiel and
         {Carlsson}, Mats},
        title = "{Observations and Simulations of Fibrils and Mottles}",
      journal = {ArXiv e-prints},
     keywords = {Astrophysics},
         year = 2007,
        month = feb,
          eid = {astro-ph/0702081},
        pages = {astro-ph/0702081},
archivePrefix = {arXiv},
       eprint = {astro-ph/0702081},
 primaryClass = {astro-ph},
       adsurl = {https://ui.adsabs.harvard.edu/abs/2007astro.ph..2081D},
      adsnote = {Provided by the SAO/NASA Astrophysics Data System}
}
%---------------------
@ARTICLE{Langangen2008ApJ,
       author = {{Langangen}, {\O}. and {De Pontieu}, B. and {Carlsson}, M. and
         {Hansteen}, V.~H. and {Cauzzi}, G. and {Reardon}, K.},
        title = "{Search for High Velocities in the Disk Counterpart of Type II Spicules}",
      journal = {\apjl},
     keywords = {Sun: atmospheric motions, Sun: chromosphere, Astrophysics},
         year = 2008,
        month = jun,
       volume = {679},
       number = {2},
        pages = {L167},
          doi = {10.1086/589442},
archivePrefix = {arXiv},
       eprint = {0804.3256},
 primaryClass = {astro-ph},
       adsurl = {https://ui.adsabs.harvard.edu/abs/2008ApJ...679L.167L},
      adsnote = {Provided by the SAO/NASA Astrophysics Data System}
}
%-----------
@ARTICLE{guez2011A&A,
       author = {{de la Cruz Rodr{\'\i}guez}, J. and {Socas-Navarro}, H.},
        title = "{Are solar chromospheric fibrils tracing the magnetic field?}",
      journal = {\aap},
     keywords = {Sun: activity, polarization, Sun: chromosphere, Sun: filaments, prominences, Sun: magnetic topology, sunspots, Astrophysics - Solar and Stellar Astrophysics},
         year = 2011,
        month = mar,
       volume = {527},
          eid = {L8},
        pages = {L8},
          doi = {10.1051/0004-6361/201016018},
archivePrefix = {arXiv},
       eprint = {1101.3551},
 primaryClass = {astro-ph.SR},
       adsurl = {https://ui.adsabs.harvard.edu/abs/2011A&A...527L...8D},
      adsnote = {Provided by the SAO/NASA Astrophysics Data System}
}
%---------------------
@ARTICLE{Suematsu1995ApJ,
       author = {{Suematsu}, Yoshinori and {Wang}, Haimin and {Zirin}, Harold},
        title = "{High-Resolution Observation of Disk Spicules. I. Evolution and Kinematics of Spicules in the Enhanced Network}",
      journal = {\apj},
     keywords = {SUN: CHROMOSPHERE, SUN: GRANULATION, VIDEOTAPES},
         year = 1995,
        month = sep,
       volume = {450},
        pages = {411},
          doi = {10.1086/176151},
       adsurl = {https://ui.adsabs.harvard.edu/abs/1995ApJ...450..411S},
      adsnote = {Provided by the SAO/NASA Astrophysics Data System}
}
%-------------------
@ARTICLE{Tsiropoula1994A&A,
       author = {{Tsiropoula}, G. and {Alissandrakis}, C.~E. and {Schmieder}, B.},
        title = "{Time evolution of fine structures in the solar chromosphere.}",
      journal = {\aap},
     keywords = {LINES: PROFILE, SUN: CHROMOSPHERE},
         year = 1994,
        month = oct,
       volume = {290},
        pages = {285-294},
       adsurl = {https://ui.adsabs.harvard.edu/abs/1994A&A...290..285T},
      adsnote = {Provided by the SAO/NASA Astrophysics Data System}
}
%-------------
@ARTICLE{Dere1989SoPh,
       author = {{Dere}, K.~P. and {Bartoe}, J. -D.~F. and {Brueckner}, G.~E. and
         {Cook}, J.~W. and {Socker}, D.~G. and {Ewing}, J.~W.},
        title = "{Ultraviolet Observations of Macrospicules at the Solar Limb}",
      journal = {\solphys},
     keywords = {Solar Limb, Spicules, Ultraviolet Spectra, Coronal Holes, Extreme Ultraviolet Radiation, Spectroheliographs, Solar Physics},
         year = 1989,
        month = mar,
       volume = {119},
       number = {1},
        pages = {55-63},
          doi = {10.1007/BF00146212},
       adsurl = {https://ui.adsabs.harvard.edu/abs/1989SoPh..119...55D},
      adsnote = {Provided by the SAO/NASA Astrophysics Data System}
}
%------------------------------
@ARTICLE{Iijima2017ApJ,
       author = {{Iijima}, H. and {Yokoyama}, T.},
        title = "{A Three-dimensional Magnetohydrodynamic Simulation of the Formation of Solar Chromospheric Jets with Twisted Magnetic Field Lines}",
      journal = {\apj},
     keywords = {magnetic fields, magnetohydrodynamics: MHD, Sun: atmosphere, Sun: chromosphere, Sun: transition region, Astrophysics - Solar and Stellar Astrophysics},
         year = 2017,
        month = oct,
       volume = {848},
       number = {1},
          eid = {38},
        pages = {38},
          doi = {10.3847/1538-4357/aa8ad1},
archivePrefix = {arXiv},
       eprint = {1709.01522},
 primaryClass = {astro-ph.SR},
       adsurl = {https://ui.adsabs.harvard.edu/abs/2017ApJ...848...38I},
      adsnote = {Provided by the SAO/NASA Astrophysics Data System}
}
%-----------------
@BOOK{Aschwanden2019ASSL,
       author = {{Aschwanden}, Markus J.},
        title = "{New Millennium Solar Physics}",
         year = 2019,
       volume = {458},
          doi = {10.1007/978-3-030-13956-8},
       adsurl = {https://ui.adsabs.harvard.edu/abs/2019ASSL..458.....A},
      adsnote = {Provided by the SAO/NASA Astrophysics Data System}
}

%-----------------------
@ARTICLE{Karovska1994ApJ,
       author = {{Karovska}, Margarita and {Habbal}, Shadia Rifai},
        title = "{Dynamical Structure of Extreme Ultraviolet Macrospicules}",
      journal = {\apjl},
     keywords = {Coronal Holes, Image Enhancement, Image Resolution, Solar Corona, Solar Limb, Spatial Resolution, Spicules, Sun, Temporal Resolution, Ultraviolet Astronomy, Extreme Ultraviolet Radiation, Skylab Program, Solar Magnetic Field, Solar Spectra, Solar Wind, Spectroheliographs, Solar Physics, SUN: CORONA, SUN: UV RADIATION},
         year = 1994,
        month = aug,
       volume = {431},
        pages = {L59},
          doi = {10.1086/187472},
       adsurl = {https://ui.adsabs.harvard.edu/abs/1994ApJ...431L..59K},
      adsnote = {Provided by the SAO/NASA Astrophysics Data System}
}
%--------------------
@ARTICLE{Bale2019Natur,
       author = {{Bale}, S.~D. and {Badman}, S.~T. and {Bonnell}, J.~W. and
         {Bowen}, T.~A. and {Burgess}, D. and {Case}, A.~W. and
         {Cattell}, C.~A. and {Chandran}, B.~D.~G. and {Chaston}, C.~C. and
         {Chen}, C.~H.~K. and {Drake}, J.~F. and {de Wit}, T. Dudok and
         {Eastwood}, J.~P. and {Ergun}, R.~E. and {Farrell}, W.~M. and
         {Fong}, C. and {Goetz}, K. and {Goldstein}, M. and {Goodrich}, K.~A. and
         {Harvey}, P.~R. and {Horbury}, T.~S. and {Howes}, G.~G. and
         {Kasper}, J.~C. and {Kellogg}, P.~J. and {Klimchuk}, J.~A. and
         {Korreck}, K.~E. and {Krasnoselskikh}, V.~V. and {Krucker}, S. and
         {Laker}, R. and {Larson}, D.~E. and {MacDowall}, R.~J. and
         {Maksimovic}, M. and {Malaspina}, D.~M. and {Martinez-Oliveros}, J. and
         {McComas}, D.~J. and {Meyer-Vernet}, N. and {Moncuquet}, M. and
         {Mozer}, F.~S. and {Phan}, T.~D. and {Pulupa}, M. and {Raouafi}, N.~E. and
         {Salem}, C. and {Stansby}, D. and {Stevens}, M. and {Szabo}, A. and
         {Velli}, M. and {Woolley}, T. and {Wygant}, J.~R.},
        title = "{Highly structured slow solar wind emerging from an equatorial coronal hole}",
      journal = {\nat},
         year = 2019,
        month = dec,
       volume = {576},
       number = {7786},
        pages = {237-242},
          doi = {10.1038/s41586-019-1818-7},
       adsurl = {https://ui.adsabs.harvard.edu/abs/2019Natur.576..237B},
      adsnote = {Provided by the SAO/NASA Astrophysics Data System}
}
%------------------
@ARTICLE{Samanta2019Sci,
       author = {{Samanta}, Tanmoy and {Tian}, Hui and {Yurchyshyn}, Vasyl and
         {Peter}, Hardi and {Cao}, Wenda and {Sterling}, Alphonse and
         {Erd{\'e}lyi}, Robertus and {Ahn}, Kwangsu and {Feng}, Song and
         {Utz}, Dominik and {Banerjee}, Dipankar and {Chen}, Yajie},
        title = "{Generation of solar spicules and subsequent atmospheric heating}",
      journal = {Science},
     keywords = {ASTRONOMY; PHYSICS},
         year = 2019,
        month = nov,
       volume = {366},
       number = {6467},
        pages = {890-894},
          doi = {10.1126/science.aaw2796},
       adsurl = {https://ui.adsabs.harvard.edu/abs/2019Sci...366..890S},
      adsnote = {Provided by the SAO/NASA Astrophysics Data System}
}
@ARTICLE{Zuo2019AcASn,
       author = {{Zuo}, Z.~H. and {Li}, Y. and {Sha}, J.~H. and {Zhou}, T.~H.},
        title = "{A Solar Jet Triggered by a Decaying Satellite Sunspot}",
      journal = {Acta Astronomica Sinica},
     keywords = {solar: jet, solar: magnetic reconnection, solar: corona},
         year = 2019,
        month = nov,
       volume = {60},
       number = {6},
          eid = {56},
        pages = {56},
       adsurl = {https://ui.adsabs.harvard.edu/abs/2019AcASn..60...56Z},
      adsnote = {Provided by the SAO/NASA Astrophysics Data System}
}
@ARTICLE{Pontieu2017ApJ,
       author = {{De Pontieu}, B. and {De Moortel}, I. and {Martinez-Sykora}, J. and
         {McIntosh}, S.~W.},
        title = "{Observations and Numerical Models of Solar Coronal Heating Associated with Spicules}",
      journal = {\apjl},
     keywords = {Sun: chromosphere, Sun: corona, Sun: magnetic fields, Sun: transition region, Astrophysics - Solar and Stellar Astrophysics},
         year = 2017,
        month = aug,
       volume = {845},
       number = {2},
          eid = {L18},
        pages = {L18},
          doi = {10.3847/2041-8213/aa7fb4},
archivePrefix = {arXiv},
       eprint = {1710.06790},
 primaryClass = {astro-ph.SR},
       adsurl = {https://ui.adsabs.harvard.edu/abs/2017ApJ...845L..18D},
      adsnote = {Provided by the SAO/NASA Astrophysics Data System}
}
@article{Shimojo_2000,
abstract = {We derived the physical parameters of X-ray jets and associated flares using the high-resolution data taken with the soft X-ray telescope aboard Yohkoh. We analyzed 16 X-ray jets and found the following properties of the jets and the footpoint flares: (1) the temperatures and density of the jets, respectively, are 3-8 MK (average: 5.6 MK) and 0.7-4.0 × 109 cm-3 (average: 1.7 × 109 cm-3), (2) the temperatures of the jets are similar to those of the footpoint flares, (3) the thermal energies of the jets are 1027-1029 ergs, which is to of those of the footpoint flares, (4) the apparent velocity of the jets is usually slower than the sound speed, and (5) there is a correlation between the temperatures of the jets and the sizes (square root of area) of the footpoint flares. On the basis of these results, we find that the temperatures of a jet and a footpoint flare are determined by the balance between heating flux and conductive flux and that the mass of a jet is comparable to the theoretical value based on the balance between conductive flux and enthalpy flux carried by the evaporation flow. These results suggest that X-ray jets are evaporation flows produced by the reconnection heating.},
author = {Shimojo, Masumi and Shibata, Kazunari},
doi = {10.1086/317024},
journal = {The Astrophysical Journal},
month = {oct},
number = {2},
pages = {1100--1108},
publisher = {{\{}IOP{\}} Publishing},
title = {{Physical Parameters of Solar X-Ray Jets}},
url = {https://doi.org/10.1086{\%}2F317024},
volume = {542},
year = {2000}
}
@ARTICLE{Strong1992PASJ,
       author = {{Strong}, Keith T. and {Harvey}, Karen and {Hirayama}, Tadashi and
         {Nitta}, Nariaki and {Shimizu}, Toshifumi and {Tsuneta}, Saku},
        title = "{Observations of the Variability of Coronal Bright Points by the Soft X-Ray Telescope on YOHKOH}",
      journal = {\pasj},
     keywords = {Brightness Distribution, Solar Corona, Solar Flares, Spaceborne Astronomy, X Ray Telescopes, Japanese Spacecraft, Solar X-Rays, Solar Physics, SUN: CORONA, SUN: FLARES, SUN: X-RAYS, X-RAY BRIGHT POINTS},
         year = 1992,
        month = oct,
       volume = {44},
        pages = {L161-L166},
       adsurl = {https://ui.adsabs.harvard.edu/abs/1992PASJ...44L.161S},
      adsnote = {Provided by the SAO/NASA Astrophysics Data System}
}
%---------------
@ARTICLE{Bruck1979IrAJ,
   author = {{Bruck}, H.~A.},
    title = "{Obituary - Secchi, P.ANGELO-S.J. 1818-1878}",
  journal = {Irish Astronomical Journal},
     year = 1979,
    month = mar,
   volume = 14,
    pages = {9},
   adsurl = {http://adsabs.harvard.edu/abs/1979IrAJ...14....9B},
  adsnote = {Provided by the SAO/NASA Astrophysics Data System}
}
@ARTICLE{Demastus1973,
       author = {{Demastus}, H.~L. and {Wagner}, W.~J. and {Robinson}, R.~D.},
        title = "{Coronal Disturbances. I: Fast Transient Events Observed in the Green Coronal Emission Line During the Last Solar Cycle}",
      journal = {\solphys},
         year = 1973,
        month = aug,
       volume = {31},
       number = {2},
        pages = {449-459},
          doi = {10.1007/BF00152820},
       adsurl = {https://ui.adsabs.harvard.edu/abs/1973SoPh...31..449D},
      adsnote = {Provided by the SAO/NASA Astrophysics Data System}
}
%-------------------------
@ARTICLE{Withbroe1976ApJ,
       author = {{Withbroe}, G.~L. and {Jaffe}, D.~T. and {Foukal}, P.~V. and
         {Huber}, M.~C.~E. and {Noyes}, R.~W. and {Reeves}, E.~M. and
         {Schmahl}, E.~J. and {Timothy}, J.~G. and {Vernazza}, J.~E.},
        title = "{Extreme-ultraviolet transients observed at the solar pole.}",
      journal = {\apj},
     keywords = {Chromosphere, Far Ultraviolet Radiation, Polar Regions, Spectroheliographs, Spicules, Continuous Spectra, Lyman Alpha Radiation, Skylab Program, Solar Corona, Solar Flux, Solar Limb, Surges, Solar Physics},
         year = 1976,
        month = jan,
       volume = {203},
        pages = {528-532},
          doi = {10.1086/154108},
       adsurl = {https://ui.adsabs.harvard.edu/abs/1976ApJ...203..528W},
      adsnote = {Provided by the SAO/NASA Astrophysics Data System}
}
@ARTICLE{Brueckner1980HiA,
       author = {{Brueckner}, G.~E.},
        title = "{A high-resolution view of the solar chromosphere and corona.}",
      journal = {Highlights of Astronomy},
     keywords = {Chromosphere, Solar Atmosphere, Solar Corona, Solar Spectra, Coronal Holes, Faculae, Frequency Shift, Resistance Heating, Solar Limb, Solar Wind, Spatial Resolution, Spectroheliographs, Thermonuclear Explosions, Ultraviolet Radiation, Solar Physics, Solar Atmosphere:Heating, Solar Coronal Holes:Spectroheliograms, Solar Transition Region:Fine Structure},
         year = 1980,
        month = jan,
       volume = {5},
        pages = {557-569},
       adsurl = {https://ui.adsabs.harvard.edu/abs/1980HiA.....5..557B},
      adsnote = {Provided by the SAO/NASA Astrophysics Data System}
}

@ARTICLE{Raouafi2016,
       author = {{Raouafi}, N.~E. and {Patsourakos}, S. and {Pariat}, E. and {Young}, P.~R. and {Sterling}, A.~C. and {Savcheva}, A. and {Shimojo}, M. and {Moreno-Insertis}, F. and {DeVore}, C.~R. and {Archontis}, V. and {T{\"o}r{\"o}k}, T. and {Mason}, H. and {Curdt}, W. and {Meyer}, K. and {Dalmasse}, K. and {Matsui}, Y.},
        title = "{Solar Coronal Jets: Observations, Theory, and Modeling}",
      journal = {\ssr},
     keywords = {Plasmas, Sun: activity, Sun: corona, Sun: magnetic fields, Sun: UV radiation, Sun: X-rays, Astrophysics - Solar and Stellar Astrophysics},
         year = 2016,
        month = nov,
       volume = {201},
       number = {1-4},
        pages = {1-53},
          doi = {10.1007/s11214-016-0260-5},
archivePrefix = {arXiv},
       eprint = {1607.02108},
 primaryClass = {astro-ph.SR},
       adsurl = {https://ui.adsabs.harvard.edu/abs/2016SSRv..201....1R},
      adsnote = {Provided by the SAO/NASA Astrophysics Data System}
}
@ARTICLE{Yuan2013A&A,
   author = {{Yuan}, D. and {Shen}, Y. and {Liu}, Y. and {Nakariakov}, V.~M. and 
	{Tan}, B. and {Huang}, J.},
    title = "{Distinct propagating fast wave trains associated with flaring energy releases}",
  journal = {\aap},
 keywords = {Sun: atmosphere, Sun: corona, Sun: UV radiation, Sun: oscillations, Sun: flares, Sun: radio radiation},
     year = 2013,
    month = jun,
   volume = 554,
      eid = {A144},
    pages = {A144},
      doi = {10.1051/0004-6361/201321435},
   adsurl = {http://adsabs.harvard.edu/abs/2013A%26A...554A.144Y},
  adsnote = {Provided by the SAO/NASA Astrophysics Data System}
}
@ARTICLE{Yuan_2016ApJS,
       author = {{Yuan}, Ding and {Su}, Jiangtao and {Jiao}, Fangran and {Walsh}, Robert
        W.},
        title = "{Stochastic Transients as a Source of Quasi-periodic Processes in the
        Solar Atmosphere}",
      journal = {The Astrophysical Journal Supplement Series},
     keywords = {magnetohydrodynamics: MHD, Sun: atmosphere, Sun: corona, Sun:
        oscillations, waves, Astrophysics - Solar and Stellar
        Astrophysics},
         year = 2016,
        month = Jun,
       volume = {224},
          eid = {30},
        pages = {30},
          doi = {10.3847/0067-0049/224/2/30},
archivePrefix = {arXiv},
       eprint = {1603.08977},
 primaryClass = {astro-ph.SR},
       adsurl = {https://ui.adsabs.harvard.edu/\#abs/2016ApJS..224...30Y},
      adsnote = {Provided by the SAO/NASA Astrophysics Data System}
}
@article{Ruan_2018,
	author = {{Ruan, W.} and {Xia, C.} and {Keppens, R.}},
	title = {Solar flares and Kelvin-Helmholtz instabilities: A parameter survey},
	DOI= "10.1051/0004-6361/201833362",
	url= "https://doi.org/10.1051/0004-6361/201833362",
	journal = {A\&A},
	year = 2018,
	volume = 618,
	pages = "A135",
}

@ARTICLE{RK3_Shu1989JCoPh,
   author = {{Shu}, C.-W. and {Osher}, S.},
    title = "{Efficient Implementation of Essentially Non-oscillatory Shock-Capturing Schemes, II}",
  journal = {Journal of Computational Physics},
     year = 1989,
    month = jul,
   volume = 83,
    pages = {32-78},
      doi = {10.1016/0021-9991(89)90222-2},
   adsurl = {http://adsabs.harvard.edu/abs/1989JCoPh..83...32S},
  adsnote = {Provided by the SAO/NASA Astrophysics Data System}
}
@ARTICLE{Fontenla_1990ApJ,
   author = {{Fontenla}, J.~M. and {Avrett}, E.~H. and {Loeser}, R.},
    title = "{Energy balance in the solar transition region. I - Hydrostatic thermal models with ambipolar diffusion}",
  journal = {\apj},
 keywords = {Ambipolar Diffusion, Energy Transfer, Hydrostatics, Radiative Transfer, Solar Atmosphere, Heat Flux, Hydrogen Atoms, Lyman Alpha Radiation, Ohmic Dissipation, Temperature Distribution},
     year = 1990,
    month = jun,
   volume = 355,
    pages = {700-718},
      doi = {10.1086/168803},
   adsurl = {http://adsabs.harvard.edu/abs/1990ApJ...355..700F},
  adsnote = {Provided by the SAO/NASA Astrophysics Data System}
}
@ARTICLE{Vernazza_1981ApJS,
   author = {{Vernazza}, J.~E. and {Avrett}, E.~H. and {Loeser}, R.},
    title = "{Structure of the solar chromosphere. III - Models of the EUV brightness components of the quiet-sun}",
  journal = {\apjs},
 keywords = {Atmospheric Models, Brightness Temperature, Chromosphere, Extreme Ultraviolet Radiation, Nonequilibrium Thermodynamics, Radiative Heat Transfer, Solar Atmosphere, Ultraviolet Spectra, Atmospheric Heating, Atomic Energy Levels, Carbon, Graphs (Charts), Hydrogen Atoms, Iron, Lyman Spectra, Solar Temperature, Tables (Data)},
     year = 1981,
    month = apr,
   volume = 45,
    pages = {635-725},
      doi = {10.1086/190731},
   adsurl = {http://adsabs.harvard.edu/abs/1981ApJS...45..635V},
  adsnote = {Provided by the SAO/NASA Astrophysics Data System}
}
@INPROCEEDINGS{Curdt_1999ESASP,
   author = {{Curdt}, W. and {Heinzel}, P. and {Schmidt}, W. and {Tarbell}, T. and 
	{von Uexk{\"u}ll}, M. and {Wilken}, V.},
    title = "{Simultaneous Observations of Chromospheric and Transition Region Oscillations in HI Lyman Transitions and in Optical Lines}",
booktitle = {Magnetic Fields and Solar Processes},
     year = 1999,
   series = {ESA Special Publication},
   volume = 448,
   editor = {{Wilson}, A. and {et al.}},
    month = dec,
    pages = {177},
   adsurl = {http://adsabs.harvard.edu/abs/1999ESASP.448..177C},
  adsnote = {Provided by the SAO/NASA Astrophysics Data System}
}
@ARTICLE{Avrett_2008ApJS,
   author = {{Avrett}, E.~H. and {Loeser}, R.},
    title = "{Models of the Solar Chromosphere and Transition Region from SUMER and HRTS Observations: Formation of the Extreme-Ultraviolet Spectrum of Hydrogen, Carbon, and Oxygen}",
  journal = {\apjs},
 keywords = {atomic data, line: profiles, radiative transfer, Sun: chromosphere, Sun: transition region, Sun: UV radiation},
     year = 2008,
    month = mar,
   volume = 175,
    pages = {229-276},
      doi = {10.1086/523671},
   adsurl = {http://adsabs.harvard.edu/abs/2008ApJS..175..229A},
  adsnote = {Provided by the SAO/NASA Astrophysics Data System}
}
@ARTICLE{Tsiropoula2004,
   author = {{Tsiropoula}, G. and {Tziotziou}, K.},
    title = "{The role of chromospheric mottles in the mass balance and heating of the solar atmosphere}",
  journal = {\aap},
 keywords = {Sun: chromosphere, methods: data analysis},
     year = 2004,
    month = sep,
   volume = 424,
    pages = {279-288},
      doi = {10.1051/0004-6361:20035794},
   adsurl = {http://adsabs.harvard.edu/abs/2004A%26A...424..279T},
  adsnote = {Provided by the SAO/NASA Astrophysics Data System}
}

@ARTICLE{De_Pontieu2007,
   author = {{De Pontieu}, B. and {McIntosh}, S.~W. and {Carlsson}, M. and 
	{Hansteen}, V.~H. and {Tarbell}, T.~D. and {Schrijver}, C.~J. and 
	{Title}, A.~M. and {Shine}, R.~A. and {Tsuneta}, S. and {Katsukawa}, Y. and 
	{Ichimoto}, K. and {Suematsu}, Y. and {Shimizu}, T. and {Nagata}, S.
	},
    title = "{Chromospheric Alfv{\'e}nic Waves Strong Enough to Power the Solar Wind}",
  journal = {Science},
     year = 2007,
    month = dec,
   volume = 318,
    pages = {1574},
      doi = {10.1126/science.1151747},
   adsurl = {http://adsabs.harvard.edu/abs/2007Sci...318.1574D},
  adsnote = {Provided by the SAO/NASA Astrophysics Data System}
}
%----------------------------------
@ARTICLE{Sterling2010ApJ,
       author = {{Sterling}, Alphonse C. and {Moore}, Ronald L. and {DeForest}, Craig E.},
        title = "{Hinode Solar Optical Telescope Observations of the Source Regions and Evolution of ``Type II'' Spicules at the Solar Polar Limb}",
      journal = {\apjl},
     keywords = {Sun: atmosphere, Sun: chromosphere, Sun: magnetic topology, Sun: photosphere},
         year = 2010,
        month = may,
       volume = {714},
       number = {1},
        pages = {L1-L6},
          doi = {10.1088/2041-8205/714/1/L1},
       adsurl = {https://ui.adsabs.harvard.edu/abs/2010ApJ...714L...1S},
      adsnote = {Provided by the SAO/NASA Astrophysics Data System}
}
----------------------
@ARTICLE{Zaqarashvili2007A&A,
       author = {{Zaqarashvili}, T.~V. and {Khutsishvili}, E. and {Kukhianidze}, V. and
         {Ramishvili}, G.},
        title = "{Doppler-shift oscillations in solar spicules}",
      journal = {\aap},
     keywords = {Sun: chromosphere, Sun: oscillations, Astrophysics},
         year = 2007,
        month = nov,
       volume = {474},
       number = {2},
        pages = {627-632},
          doi = {10.1051/0004-6361:20077661},
archivePrefix = {arXiv},
       eprint = {0708.2057},
 primaryClass = {astro-ph},
       adsurl = {https://ui.adsabs.harvard.edu/abs/2007A&A...474..627Z},
      adsnote = {Provided by the SAO/NASA Astrophysics Data System}
}
@ARTICLE{jess_alfven_2009,
       author = {{Jess}, David B. and {Mathioudakis}, Mihalis and {Erd{\'e}lyi}, Robert and {Crockett}, Philip J. and {Keenan}, Francis P. and {Christian}, Damian J.},
        title = "{Alfv{\'e}n Waves in the Lower Solar Atmosphere}",
      journal = {Science},
     keywords = {ASTRONOMY, Astrophysics - Solar and Stellar Astrophysics},
         year = 2009,
        month = mar,
       volume = {323},
       number = {5921},
        pages = {1582},
          doi = {10.1126/science.1168680},
archivePrefix = {arXiv},
       eprint = {0903.3546},
 primaryClass = {astro-ph.SR},
       adsurl = {https://ui.adsabs.harvard.edu/abs/2009Sci...323.1582J},
      adsnote = {Provided by the SAO/NASA Astrophysics Data System}
}

%-----------------
@ARTICLE{Kukhianidze2006AA,
       author = {{Kukhianidze}, V. and {Zaqarashvili}, T.~V. and {Khutsishvili}, E.},
        title = "{Observation of kink waves in solar spicules}",
      journal = {\aap},
     keywords = {Sun: chromosphere, Sun: oscillations, Astrophysics},
         year = 2006,
        month = apr,
       volume = {449},
       number = {2},
        pages = {L35-L38},
          doi = {10.1051/0004-6361:200600018},
archivePrefix = {arXiv},
       eprint = {astro-ph/0602534},
 primaryClass = {astro-ph},
       adsurl = {https://ui.adsabs.harvard.edu/abs/2006A&A...449L..35K},
      adsnote = {Provided by the SAO/NASA Astrophysics Data System}
}
%-----------------
@ARTICLE{Porfir2016A,
       author = {{Porfir'eva}, G.~A. and {Yakunina}, G.~V.},
        title = "{Chromospheric spicules and solar corona}",
      journal = {Astronomical and Astrophysical Transactions},
     keywords = {Sun, chromosphere, type II spicules, heating of the corona, magnetic reconnection},
         year = 2016,
        month = dec,
       volume = {29},
       number = {4},
        pages = {567-580},
       adsurl = {https://ui.adsabs.harvard.edu/abs/2016A&AT...29..567P},
      adsnote = {Provided by the SAO/NASA Astrophysics Data System}
}
%--------------------
@ARTICLE{Withbroe1983ApJ,
   author = {{Withbroe}, G.~L.},
    title = "{The role of spicules in heating the solar atmosphere Implications of EUV observations}",
  journal = {\apj},
 keywords = {Extreme Ultraviolet Radiation, Solar Atmosphere, Solar Spectra, Solar Temperature, Spicules, Atmospheric Heating, Atmospheric Temperature, Chromosphere, Coronal Holes, H Alpha Line, Potential Energy, Scale Height, Solar Limb},
     year = 1983,
    month = apr,
   volume = 267,
    pages = {825-836},
      doi = {10.1086/160917},
   adsurl = {http://adsabs.harvard.edu/abs/1983ApJ...267..825W},
  adsnote = {Provided by the SAO/NASA Astrophysics Data System}
}
%
@ARTICLE{kuzma2017ApJ84978K,
   author = {{Ku{\'z}ma}, B. and {Murawski}, K. and {Kayshap}, P. and {W{\'o}jcik}, D. and 
	{Srivastava}, A.~K. and {Dwivedi}, B.~N.},
    title = "{Two-fluid Numerical Simulations of Solar Spicules}",
  journal = {\apj},
archivePrefix = "arXiv",
   eprint = {1711.01383},
 primaryClass = "astro-ph.SR",
 keywords = {magnetohydrodynamics: MHD, methods: numerical, Sun: activity, Sun: corona, Sun: transition region},
     year = 2017,
    month = nov,
   volume = 849,
      eid = {78},
    pages = {78},
      doi = {10.3847/1538-4357/aa8ea1},
   adsurl = {http://adsabs.harvard.edu/abs/2017ApJ...849...78K},
  adsnote = {Provided by the SAO/NASA Astrophysics Data System}
}
%-------------------------
@ARTICLE{Pontieu2007PASJ,
   author = {{De Pontieu}, B. and {McIntosh}, S. and {Hansteen}, V.~H. and 
	{Carlsson}, M. and {Schrijver}, C.~J. and {Tarbell}, T.~D. and 
	{Title}, A.~M. and {Shine}, R.~A. and {Suematsu}, Y. and {Tsuneta}, S. and 
	{Katsukawa}, Y. and {Ichimoto}, K. and {Shimizu}, T. and {Nagata}, S.
	},
    title = "{A Tale of Two Spicules: The Impact of Spicules on the Magnetic Chromosphere}",
  journal = {\pasj},
archivePrefix = "arXiv",
   eprint = {0710.2934},
 keywords = {Sun: chromosphere, Sun: transition region},
     year = 2007,
    month = nov,
   volume = 59,
    pages = {S655-S662},
      doi = {10.1093/pasj/59.sp3.S655},
   adsurl = {http://adsabs.harvard.edu/abs/2007PASJ...59S.655D},
  adsnote = {Provided by the SAO/NASA Astrophysics Data System}
}
%-------------------
@ARTICLE{Pontieu2004Natur,
   author = {{De Pontieu}, B. and {Erd{\'e}lyi}, R. and {James}, S.~P.},
    title = "{Solar chromospheric spicules from the leakage of photospheric oscillations and flows}",
  journal = {\nat},
     year = 2004,
    month = jul,
   volume = 430,
    pages = {536-539},
      doi = {10.1038/nature02749},
   adsurl = {http://adsabs.harvard.edu/abs/2004Natur.430..536D},
  adsnote = {Provided by the SAO/NASA Astrophysics Data System}
}
@ARTICLE{Gonz2017ApJ,
   author = {{Gonz{\'a}lez-Avil{\'e}s}, J.~J. and {Guzm{\'a}n}, F.~S. and 
	{Fedun}, V.},
    title = "{Jet Formation in Solar Atmosphere due to Magnetic Reconnection}",
  journal = {\apj},
archivePrefix = "arXiv",
   eprint = {1609.09422},
 primaryClass = "astro-ph.SR",
 keywords = {magnetic reconnection, magnetohydrodynamics: MHD, methods: numerical, Sun: atmosphere, Sun: magnetic fields},
     year = 2017,
    month = feb,
   volume = 836,
      eid = {24},
    pages = {24},
      doi = {10.3847/1538-4357/836/1/24},
   adsurl = {http://adsabs.harvard.edu/abs/2017ApJ...836...24G},
  adsnote = {Provided by the SAO/NASA Astrophysics Data System}
}

@ARTICLE{Sterling_2000SoPh,
   author = {{Sterling}, A.~C.},
    title = "{Solar Spicules: A Review of Recent Models and Targets for Future Observations - (Invited Review)}",
  journal = {\solphys},
     year = 2000,
    month = sep,
   volume = 196,
    pages = {79-111},
      doi = {10.1023/A:1005213923962},
   adsurl = {http://adsabs.harvard.edu/abs/2000SoPh..196...79S},
  adsnote = {Provided by the SAO/NASA Astrophysics Data System}
}
%---------------------
@INBOOK{Matthews2016SPIE,
       author = {{Matthews}, Sarah A. and {Collados}, Manuel and {Mathioudakis}, Mihalis and
         {Erdelyi}, Robertus},
        title = "{The European Solar Telescope (EST)}",
    booktitle = {\procspie},
         year = 2016,
       volume = {9908},
       series = {Society of Photo-Optical Instrumentation Engineers (SPIE) Conference Series},
          eid = {990809},
        pages = {990809},
          doi = {10.1117/12.2234145},
       adsurl = {https://ui.adsabs.harvard.edu/abs/2016SPIE.9908E..09M},
      adsnote = {Provided by the SAO/NASA Astrophysics Data System}
}
%---------------------
@ARTICLE{Tsuneta2008SoPh,
       author = {{Tsuneta}, S. and {Ichimoto}, K. and {Katsukawa}, Y. and {Nagata}, S. and
         {Otsubo}, M. and {Shimizu}, T. and {Suematsu}, Y. and {Nakagiri}, M. and
         {Noguchi}, M. and {Tarbell}, T. and {Title}, A. and {Shine}, R. and
         {Rosenberg}, W. and {Hoffmann}, C. and {Jurcevich}, B. and
         {Kushner}, G. and {Levay}, M. and {Lites}, B. and {Elmore}, D. and
         {Matsushita}, T. and {Kawaguchi}, N. and {Saito}, H. and {Mikami}, I. and
         {Hill}, L.~D. and {Owens}, J.~K.},
        title = "{The Solar Optical Telescope for the Hinode Mission: An Overview}",
      journal = {\solphys},
     keywords = {Solar-B, Hinode, Sun: magnetic fields, Sun: photosphere, Sun: chromosphere, Sun: MHD, Astrophysics},
         year = 2008,
        month = jun,
       volume = {249},
       number = {2},
        pages = {167-196},
          doi = {10.1007/s11207-008-9174-z},
archivePrefix = {arXiv},
       eprint = {0711.1715},
 primaryClass = {astro-ph},
       adsurl = {https://ui.adsabs.harvard.edu/abs/2008SoPh..249..167T},
      adsnote = {Provided by the SAO/NASA Astrophysics Data System}
}
%-----------
@ARTICLE{Suematsu2008SoPh,
       author = {{Suematsu}, Y. and {Tsuneta}, S. and {Ichimoto}, K. and {Shimizu}, T. and
         {Otsubo}, M. and {Katsukawa}, Y. and {Nakagiri}, M. and {Noguchi}, M. and
         {Tamura}, T. and {Kato}, Y. and {Hara}, H. and {Kubo}, M. and
         {Mikami}, I. and {Saito}, H. and {Matsushita}, T. and {Kawaguchi}, N. and
         {Nakaoji}, T. and {Nagae}, K. and {Shimada}, S. and {Takeyama}, N. and
         {Yamamuro}, T.},
        title = "{The Solar Optical Telescope of Solar-B ( Hinode): The Optical Telescope Assembly}",
      journal = {\solphys},
     keywords = {Sun: instrumentation, Sun: space telescope, Sun: visible light},
         year = 2008,
        month = jun,
       volume = {249},
       number = {2},
        pages = {197-220},
          doi = {10.1007/s11207-008-9129-4},
       adsurl = {https://ui.adsabs.harvard.edu/abs/2008SoPh..249..197S},
      adsnote = {Provided by the SAO/NASA Astrophysics Data System}
}
%----------------
@ARTICLE{Ichimoto2008SoPh,
       author = {{Ichimoto}, K. and {Lites}, B. and {Elmore}, D. and {Suematsu}, Y. and
         {Tsuneta}, S. and {Katsukawa}, Y. and {Shimizu}, T. and {Shine}, R. and
         {Tarbell}, T. and {Title}, A. and {Kiyohara}, J. and {Shinoda}, K. and
         {Card}, G. and {Lecinski}, A. and {Streander}, K. and {Nakagiri}, M. and
         {Miyashita}, M. and {Noguchi}, M. and {Hoffmann}, C. and {Cruz}, T.},
        title = "{Polarization Calibration of the Solar Optical Telescope onboard Hinode}",
      journal = {\solphys},
     keywords = {Polarimeter, Stokes vector, Space telescope, Magnetic field, Optical telescope, Sun},
         year = 2008,
        month = jun,
       volume = {249},
       number = {2},
        pages = {233-261},
          doi = {10.1007/s11207-008-9169-9},
       adsurl = {https://ui.adsabs.harvard.edu/abs/2008SoPh..249..233I},
      adsnote = {Provided by the SAO/NASA Astrophysics Data System}
}
%----------------
@INBOOK{Scharmer2003SPIE,
       author = {{Scharmer}, Goran B. and {Bjelksjo}, Klas and {Korhonen}, Tapio K. and
         {Lindberg}, Bo and {Petterson}, Bertil},
        title = "{The 1-meter Swedish solar telescope}",
    booktitle = {\procspie},
         year = 2003,
       editor = {{Keil}, Stephen L. and {Avakyan}, Sergey V.},
       volume = {4853},
       series = {Society of Photo-Optical Instrumentation Engineers (SPIE) Conference Series},
        pages = {341-350},
          doi = {10.1117/12.460377},
       adsurl = {https://ui.adsabs.harvard.edu/abs/2003SPIE.4853..341S},
      adsnote = {Provided by the SAO/NASA Astrophysics Data System}
}
%----------------
@ARTICLE{James2003AA,
       author = {{James}, S.~P. and {Erd{\'e}lyi}, R. and {De Pontieu}, B.},
        title = "{Can ion-neutral damping help to form spicules?}",
      journal = {\aap},
     keywords = {magnetohydrodynamics (MHD), waves, Sun: transition region, Sun: faculae, plages, Sun: atmosphere, Sun: chromosphere},
         year = 2003,
        month = aug,
       volume = {406},
        pages = {715-724},
          doi = {10.1051/0004-6361:20030685},
       adsurl = {https://ui.adsabs.harvard.edu/abs/2003A&A...406..715J},
      adsnote = {Provided by the SAO/NASA Astrophysics Data System}
}
%----------------
@ARTICLE{Zaqarashvili_2009SSRv,
   author = {{Zaqarashvili}, T.~V. and {Erd{\'e}lyi}, R.},
    title = "{Oscillations and Waves in Solar Spicules}",
  journal = {\ssr},
archivePrefix = "arXiv",
   eprint = {0906.1783},
 primaryClass = "astro-ph.SR",
     year = 2009,
    month = dec,
   volume = 149,
    pages = {355-388},
      doi = {10.1007/s11214-009-9549-y},
   adsurl = {http://adsabs.harvard.edu/abs/2009SSRv..149..355Z},
  adsnote = {Provided by the SAO/NASA Astrophysics Data System}
}
%----------------
@Article{Beckers1968,
author={{Beckers}, J. M.},
title="{Solar spicules}",
journal={Solar Physic},
year=1968,
volume=3,
number=3,
pages={367-433},
issn={1573-093X},
doi={10.1007/BF00171614},
adsurl={http://dx.doi.org/10.1007/BF00171614}
}
%--------------
@ARTICLE{Beckers1972ARA&A,
   author = {{Beckers}, J.~M.},
    title = "{Solar Spicules}",
  journal = {\araa},
     year = 1972,
   volume = 10,
    pages = {73},
      doi = {10.1146/annurev.aa.10.090172.000445},
   adsurl = {http://adsabs.harvard.edu/abs/1972ARA%26A..10...73B},
  adsnote = {Provided by the SAO/NASA Astrophysics Data System}
}
@ARTICLE{Hansteen2006ApJ,
       author = {{Hansteen}, V.~H. and {De Pontieu}, B. and {Rouppe van der Voort}, L. and
         {van Noort}, M. and {Carlsson}, M.},
        title = "{Dynamic Fibrils Are Driven by Magnetoacoustic Shocks}",
      journal = {\apjl},
     keywords = {Magnetic Fields, Sun: Chromosphere, Sun: Photosphere, Astrophysics},
         year = 2006,
        month = aug,
       volume = {647},
       number = {1},
        pages = {L73-L76},
          doi = {10.1086/507452},
archivePrefix = {arXiv},
       eprint = {astro-ph/0607332},
 primaryClass = {astro-ph},
       adsurl = {https://ui.adsabs.harvard.edu/abs/2006ApJ...647L..73H},
      adsnote = {Provided by the SAO/NASA Astrophysics Data System}
}
@ARTICLE{Judge_2010ApJ,
   author = {{Judge}, P.~G. and {Carlsson}, M.},
    title = "{On the Solar Chromosphere Observed at the LIMB with Hinode}",
  journal = {\apj},
archivePrefix = "arXiv",
   eprint = {1004.1398},
 primaryClass = "astro-ph.SR",
 keywords = {Sun: chromosphere},
     year = 2010,
    month = aug,
   volume = 719,
    pages = {469-473},
      doi = {10.1088/0004-637X/719/1/469},
   adsurl = {http://adsabs.harvard.edu/abs/2010ApJ...719..469J},
  adsnote = {Provided by the SAO/NASA Astrophysics Data System}
}
@article{COLELLA1984174,
author = {Colella, Phillip and Woodward, Paul R},
doi = {https://doi.org/10.1016/0021-9991(84)90143-8},
issn = {0021-9991},
journal = {Journal of Computational Physics},
number = {1},
pages = {174--201},
title = {{The Piecewise Parabolic Method (PPM) for gas-dynamical simulations}},
url = {http://www.sciencedirect.com/science/article/pii/0021999184901438},
volume = {54},
year = {1984}
}
@article {Hollweg_1986,
author = {Hollweg, Joseph V.},
title = {Transition region, corona, and solar wind in coronal holes},
journal = {Journal of Geophysical Research: Space Physics},
volume = {91},
number = {A4},
issn = {2156-2202},
url = {http://dx.doi.org/10.1029/JA091iA04p04111},
doi = {10.1029/JA091iA04p04111},
pages = {4111--4125},
keywords = {Interplanetary Physics: MHD waves and turbulence, Solar wind plasma, Solar wind sources, Solar Physics, Astrophysics, and Astronomy: Corona and transition region},
year = {1986},
}
@Article{Roberts_2000,
author="Roberts, B.",
title="Waves and Oscillations in the Corona -- (Invited Review)",
journal="Solar Physics",
year="2000",
month="Apr",
day="01",
volume="193",
number="1",
pages="139--152",
abstract="It has long been suggested on theoretical grounds that MHD waves must occur in the solar corona, and have important implications for coronal physics. An unequivocal identification of such waves has however proved elusive, though a number of events were consistent with an interpretation in terms of MHD waves. Recent detailed observations of waves in events observed by SOHO and TRACE removes that uncertainty, and raises the importance of MHD waves in the corona to a higher level. Here we review theoretical aspects of how MHD waves and oscillations may occur in a coronal medium. Detailed observations of waves and oscillations in coronal loops, plumes and prominences make feasible the development of coronal seismology, whereby parameters of the coronal plasma (notably the Alfv{\'e}n speed and through this the magnetic field strength) may be determined from properties of the oscillations. MHD fast waves are refracted by regions of low Alfv{\'e}n speed and slow waves are closely field-guided, making regions of dense coronal plasma (such as coronal loops and plumes) natural wave guides for MHD waves. There are analogies with sound waves in ocean layers and with elastic waves in the Earth's crust. Recent observations also indicate that coronal oscillations are damped. We consider the various ways this may be brought about, and its implications for coronal heating.",
issn="1573-093X",
doi="10.1023/A:1005237109398",
url="https://doi.org/10.1023/A:1005237109398"
}

@ARTICLE{Xia_2017,
   author = {{Xia}, C. and {Teunissen}, J. and {El Mellah}, I. and {Chane}, E. and 
	{Keppens}, R.},
    title = "{MPI-AMRVAC 2.0 for Solar and Astrophysical Applications}",
  journal = {ArXiv e-prints},
archivePrefix = "arXiv",
   eprint = {1710.06140},
 primaryClass = "astro-ph.SR",
 keywords = {Astrophysics - Solar and Stellar Astrophysics},
     year = 2017,
    month = oct,
   adsurl = {http://adsabs.harvard.edu/abs/2017arXiv171006140X},
  adsnote = {Provided by the SAO/NASA Astrophysics Data System}
}

@ARTICLE{Keppens_2012,
   author = {{Keppens}, R. and {Meliani}, Z. and {van Marle}, A.~J. and {Delmont}, P. and 
	{Vlasis}, A. and {van der Holst}, B.},
    title = "{Parallel, grid-adaptive approaches for relativistic hydro and magnetohydrodynamics}",
  journal = {Journal of Computational Physics},
     year = 2012,
    month = feb,
   volume = 231,
    pages = {718-744},
      doi = {10.1016/j.jcp.2011.01.020},
   adsurl = {http://adsabs.harvard.edu/abs/2012JCoPh.231..718K},
  adsnote = {Provided by the SAO/NASA Astrophysics Data System}
}

@ARTICLE{Porth_2014,
   author = {{Porth}, O. and {Xia}, C. and {Hendrix}, T. and {Moschou}, S.~P. and 
	{Keppens}, R.},
    title = "{MPI-AMRVAC for Solar and Astrophysics}",
  journal = {\apjs},
archivePrefix = "arXiv",
   eprint = {1407.2052},
 primaryClass = "astro-ph.IM",
 keywords = {hydrodynamics, magnetohydrodynamics: MHD, methods: numerical },
     year = 2014,
    month = sep,
   volume = 214,
      eid = {4},
    pages = {4},
      doi = {10.1088/0067-0049/214/1/4},
   adsurl = {http://adsabs.harvard.edu/abs/2014ApJS..214....4P},
  adsnote = {Provided by the SAO/NASA Astrophysics Data System}
}

@ARTICLE{Keppens_prom_2015,
   author = {{Keppens}, R. and {Xia}, C. and {Porth}, O.},
    title = "{Solar Prominences: ``Double, Double... Boil and Bubble''}",
  journal = {\apjl},
archivePrefix = "arXiv",
   eprint = {1505.05268},
 primaryClass = "astro-ph.SR",
 keywords = {magnetohydrodynamics: MHD, Sun: corona, Sun: filaments, prominences},
     year = 2015,
    month = jun,
   volume = 806,
      eid = {L13},
    pages = {L13},
      doi = {10.1088/2041-8205/806/1/L13},
   adsurl = {http://adsabs.harvard.edu/abs/2015ApJ...806L..13K},
  adsnote = {Provided by the SAO/NASA Astrophysics Data System}
}
@ARTICLE{Moschou_2015,
   author = {{Moschou}, S.~P. and {Keppens}, R. and {Xia}, C. and {Fang}, X.
	},
    title = "{Simulating coronal condensation dynamics in 3D}",
  journal = {Advances in Space Research},
archivePrefix = "arXiv",
   eprint = {1505.05333},
 primaryClass = "astro-ph.SR",
 keywords = {Coronal rain, Prominence, Condensation, Cooling, Instability, Waves},
     year = 2015,
    month = dec,
   volume = 56,
    pages = {2738-2759},
      doi = {10.1016/j.asr.2015.05.008},
   adsurl = {http://adsabs.harvard.edu/abs/2015AdSpR..56.2738M},
  adsnote = {Provided by the SAO/NASA Astrophysics Data System}
}
@ARTICLE{Dedner_2002,
   author = {{Dedner}, A. and {Kemm}, F. and {Kr{\"o}ner}, D. and {Munz}, C.-D. and 
	{Schnitzer}, T. and {Wesenberg}, M.},
    title = "{Hyperbolic Divergence Cleaning for the MHD Equations}",
  journal = {Journal of Computational Physics},
     year = 2002,
    month = jan,
   volume = 175,
    pages = {645-673},
      doi = {10.1006/jcph.2001.6961},
   adsurl = {http://adsabs.harvard.edu/abs/2002JCoPh.175..645D},
  adsnote = {Provided by the SAO/NASA Astrophysics Data System}
}

@ARTICLE{Toth_1996,
   author = {{T{\'o}th}, G. and {Odstr{\v c}il}, D.},
    title = "{Comparison of Some Flux Corrected Transport and Total Variation Diminishing Numerical Schemes for Hydrodynamic and Magnetohydrodynamic Problems}",
  journal = {Journal of Computational Physics},
     year = 1996,
    month = oct,
   volume = 128,
    pages = {82-100},
      doi = {10.1006/jcph.1996.0197},
   adsurl = {http://adsabs.harvard.edu/abs/1996JCoPh.128...82T},
  adsnote = {Provided by the SAO/NASA Astrophysics Data System}
}
%---------------------
@ARTICLE{Tsiropoula2012,
   author = {{Tsiropoula}, G. and {Tziotziou}, K. and {Kontogiannis}, I. and 
	{Madjarska}, M.~S. and {Doyle}, J.~G. and {Suematsu}, Y.},
    title = "{Solar Fine-Scale Structures. I. Spicules and Other Small-Scale, Jet-Like Events at the Chromospheric Level: Observations and Physical Parameters}",
  journal = {\ssr},
archivePrefix = "arXiv",
   eprint = {1207.3956},
 primaryClass = "astro-ph.SR",
 keywords = {Sun, Chromosphere, Spicules, Jet-like structures, Small-scale events, Physical parameters},
     year = 2012,
    month = sep,
   volume = 169,
    pages = {181-244},
      doi = {10.1007/s11214-012-9920-2},
   adsurl = {http://adsabs.harvard.edu/abs/2012SSRv..169..181T},
  adsnote = {Provided by the SAO/NASA Astrophysics Data System}
}
%---------------
@ARTICLE{Roberts1945ApJ,
       author = {{Roberts}, Walter Orr},
        title = "{A Preliminary Report on Chromospheric Spicules of Extremely Short Lifetime.}",
      journal = {\apj},
         year = 1945,
        month = mar,
       volume = {101},
        pages = {136},
          doi = {10.1086/144699},
       adsurl = {https://ui.adsabs.harvard.edu/abs/1945ApJ...101..136R},
      adsnote = {Provided by the SAO/NASA Astrophysics Data System}
}


@Article{Mart2017Sci3561269M,
  Title                    = {{On the generation of solar spicules and Alfv{\'e}nic waves}},
  Author                   = {{Mart{\'\i}nez-Sykora}, J. and {De Pontieu}, B. and {Hansteen}, V.~H. and
 {Rouppe van der Voort}, L. and {Carlsson}, M. and {Pereira}, T.~M.~D.},
  Journal                  = {Science},
  Year                     = {2017},

  Month                    = jun,
  Number                   = {6344},
  Pages                    = {1269-1272},
  Volume                   = {356},

  Adsnote                  = {Provided by the SAO/NASA Astrophysics Data System},
  Adsurl                   = {https://ui.adsabs.harvard.edu/abs/2017Sci...356.1269M},
  Archiveprefix            = {arXiv},
  Doi                      = {10.1126/science.aah5412},
  Eprint                   = {1710.07559},
  Keywords                 = {ASTRONOMY, PHYSICS, Astrophysics - Solar and Stellar Astrophysics},
  Primaryclass             = {astro-ph.SR}
}

%--------------------
@ARTICLE{Pereira2012,
       author = {{Pereira}, Tiago M.~D. and {De Pontieu}, Bart and {Carlsson}, Mats},
        title = "{Quantifying Spicules}",
      journal = {\apj},
     keywords = {Sun: atmosphere, Sun: chromosphere, Sun: transition region, Astrophysics - Solar and Stellar Astrophysics},
         year = 2012,
        month = nov,
       volume = {759},
       number = {1},
          eid = {18},
        pages = {18},
          doi = {10.1088/0004-637X/759/1/18},
archivePrefix = {arXiv},
       eprint = {1208.4404},
 primaryClass = {astro-ph.SR},
       adsurl = {https://ui.adsabs.harvard.edu/abs/2012ApJ...759...18P},
      adsnote = {Provided by the SAO/NASA Astrophysics Data System}
}
%-------------------
@article{hll_1983,
author = {Harten, Amiram. and Lax, Peter D and van. Leer, Bram},
doi = {10.1137/1025002},
journal = {SIAM Review},
number = {1},
pages = {35--61},
title = {{On Upstream Differencing and Godunov-Type Schemes for Hyperbolic Conservation Laws}},
url = {https://doi.org/10.1137/1025002},
volume = {25},
year = {1983}
}
@article{CADA20094118,
abstract = {We consider finite volume methods for the numerical solution of conservation laws. In order to achieve high-order accurate numerical approximation to non-linear smooth functions, we introduce a new class of limiter functions for the spatial reconstruction of hyperbolic equations. We therefore employ and generalize the idea of double-logarithmic reconstruction of Artebrant and Schroll [R. Artebrant, H.J. Schroll, Limiter-free third order logarithmic reconstruction, SIAM J. Sci. Comput. 28 (2006) 359-381]. The result is a class of efficient third-order schemes with a compact three-point stencil. The interface values between two neighboring cells are obtained by a single limiter function. The limiter belongs to a family of functions, which are based upon a non-polynomial and non-linear reconstruction function. The new methods handle discontinuities as well as local extrema within the standard semi-discrete TVD-MUSCL framework using only a local three-point stencil and an explicit TVD Runge–Kutta time-marching scheme. The shape-preserving properties of the reconstruction are significantly improved, resulting in sharp, accurate and symmetric shock capturing. Smearing, clipping and squaring effects of classical second-order limiters are completely avoided. Computational efficiency is enhanced due to large allowable Courant numbers (CFL≲1.6), as indicated by the von Neumann stability analysis. Numerical experiments for a variety of hyperbolic partial differential equations, such as Euler equations and ideal magneto-hydrodynamic equations, confirm a significant improvement of shock resolution, high accuracy for smooth functions and computational efficiency.},
author = {{\v{C}}ada, Miroslav and Torrilhon, Manuel},
doi = {https://doi.org/10.1016/j.jcp.2009.02.020},
issn = {0021-9991},
journal = {Journal of Computational Physics},
keywords = { Conservation laws, Finite volume methods, High-order accuracy, Non-linear and non-polynomial limiter, Shock capturing,Numerical methods},
number = {11},
pages = {4118--4145},
title = {{Compact third-order limiter functions for finite volume methods}},
url = {http://www.sciencedirect.com/science/article/pii/S0021999109000953},
volume = {228},
year = {2009}
}
@article{DEDNER2002645,
abstract = {In simulations of magnetohydrodynamic (MHD) processes the violation of the divergence constraint causes severe stability problems. In this paper we develop and test a new approach to the stabilization of numerical schemes. Our technique can be easily implemented in any existing code since there is no need to modify the solver for the MHD equations. It is based on a modified system in which the divergence constraint is coupled with the conservation laws by introducing a generalized Lagrange multiplier. We suggest a formulation in which the divergence errors are transported to the domain boundaries with the maximal admissible speed and are damped at the same time. This corrected system is hyperbolic and the density, momentum, magnetic induction, and total energy density are still conserved. In comparison to results obtained without correction or with the standard “divergence source terms,” our approach seems to yield more robust schemes with significantly smaller divergence errors.},
author = {Dedner, A and Kemm, F and Kr{\"{o}}ner, D and Munz, C.-D. and Schnitzer, T and Wesenberg, M},
doi = {https://doi.org/10.1006/jcph.2001.6961},
issn = {0021-9991},
journal = {Journal of Computational Physics},
number = {2},
pages = {645--673},
title = {{Hyperbolic Divergence Cleaning for the MHD Equations}},
url = {http://www.sciencedirect.com/science/article/pii/S002199910196961X},
volume = {175},
year = {2002}
}
@article{Chakrabarti1988,
author = {Chakrabarti, S. K.},
doi = {10.1093/mnras/235.1.33},
issn = {0035-8711},
journal = {Monthly Notices of the Royal Astronomical Society},
month = {nov},
number = {1},
pages = {33--49},
title = {{On the dynamics of fluid in the working surface of a supersonic jet}},
url = {https://academic.oup.com/mnras/article-lookup/doi/10.1093/mnras/235.1.33},
volume = {235},
year = {1988}
}
@ARTICLE{Norman1982,
       author = {{Norman}, M.~L. and {Winkler}, K. -H.~A. and {Smarr}, L. and
         {Smith}, M.~D.},
        title = "{Structure and dynamics of supersonic jets.}",
      journal = {\aap},
     keywords = {Gas Dynamics, Kelvin-Helmholtz Instability, Plasma Jets, Radio Galaxies, Supersonic Jet Flow, Beam Interactions, Galactic Structure, Internal Waves, Jet Boundaries, Numerical Flow Visualization, Oblique Shock Waves, Radio Emission, Taylor Instability, Vortex Sheets, Astrophysics},
         year = "1982",
        month = "Sep",
       volume = {113},
        pages = {285-302},
       adsurl = {https://ui.adsabs.harvard.edu/abs/1982A&A...113..285N},
      adsnote = {Provided by the SAO/NASA Astrophysics Data System}
}

@ARTICLE{Edgington-Mitchell2014,
       author = {{Edgington-Mitchell}, Daniel and {Honnery}, Damon R. and {Soria}, Julio},
        title = "{The underexpanded jet Mach disk and its associated shear layer}",
      journal = {Physics of Fluids},
         year = 2014,
        month = sep,
       volume = {26},
       number = {9},
          eid = {096101},
        pages = {096101},
          doi = {10.1063/1.4894741},
       adsurl = {https://ui.adsabs.harvard.edu/abs/2014PhFl...26i6101E},
      adsnote = {Provided by the SAO/NASA Astrophysics Data System}
}
@article{Ono2014,
abstract = {Plasma jets have been used widely in various fields such as materials and aerospace engineering. The understanding of the shock structure is important to control a supersonic jet using a magnetic field. An experiment of axisymmetric argon plasma jet under strong magnetic field was carried out to detect the shock structure around the Mach disk precisely. A magnetic field was applied to the jet using a pair of identical superconducting coils. The jet images in a vacuum chamber were taken by a digital single-lens reflex camera with high spatial and color resolution through a viewing window. The distribution of light intensity from photographic data was converted to the radial intensity, relevant to plasma density, using Abel-inversion. The radial shock structure, that is not apparent on the ordinary photos, can be detected from the converted distributions. The software for the analysis was developed to detect the shock structure in the plasma jet. The method of shock detection was also detailed. The hidden shock characteristics such as triple point were found using the radial intensity obtained from the data with high color resolution. The shock lines upstream of the Mach disk under the magnetic field were indicated in detail. The reflected shock location could be determined. The intensity distribution downstream of the Mach disk was significantly changed by applying the magnetic field. The interaction between plasma density and magnetic field clearly occurs at higher density region downstream of the Mach disk.},
author = {Ono, Norifumi and Yamamoto, Masami and Koike, Kazuo},
doi = {10.1016/j.vacuum.2014.05.010},
issn = {0042207X},
journal = {Vacuum},
keywords = {Abel-inversion,Image analysis,Mach disk,Magnetic field,Plasma jet},
month = {dec},
pages = {149--153},
publisher = {Elsevier Ltd},
title = {{Detection of shock structure around Mach disk in axisymmetric plasma jet}},
volume = {110},
year = {2014}
}
@inproceedings{DeGouveiaDalPino2005,
abstract = {Highly collimated supersonic jets and less collimated outflows are observed to emerge from a wide variety of astrophysical objects. They are seen in young stellar objects (YSOs), proto-planetary nebulae, compact objects (like galactic black holes or microquasars, and X-ray binary stars), and in the nuclei of active galaxies (AGNs). Despite their different physical scales (in size, velocity, and amount of energy transported), they have strong morphological similarities. What physics do they share? These systems are either hydrodynamic or magnetohydrodynamic (MHD) in nature and are, as such, governed by non-linear equations. While theoretical models helped us to understand the basic physics of these objects, numerical simulations have been allowing us to go beyond the one-dimensional, steady-state approach extracting vital information. In this lecture, the formation, structure, and evolution of the jets are reviewed with the help of observational information, MHD and purely hydrodynamical modeling, and numerical simulations. Possible applications of the models particularly to YSOs and AGN jets are addressed. {\textcopyright} 2005 COSPAR. Published by Elsevier Ltd. All rights reserved.},
author = {{De Gouveia Dal Pino}, Elisabete M.},
booktitle = {Advances in Space Research},
doi = {10.1016/j.asr.2005.03.145},
issn = {02731177},
keywords = {Accretion disks,Active galactic nuclei,Astrophysical jets,Astrophysics,Black holes,Microquasars,Young stellar objects},
month = {jan},
number = {5},
pages = {908--924},
publisher = {Elsevier Ltd},
title = {{Astrophysical jets and outflows}},
volume = {35},
year = {2005}
}

@ARTICLE{Birkinshaw1996,
       author = {{Birkinshaw}, M.},
        title = "{Instabilities in Astrophysical Jets}",
      journal = {\apss},
     keywords = {Jets, Beams, Magnetohydrodynamics, Radio galaxies},
         year = 1996,
        month = mar,
       volume = {242},
       number = {1-2},
        pages = {17-91},
          doi = {10.1007/BF00645111},
       adsurl = {https://ui.adsabs.harvard.edu/abs/1996Ap&SS.242...17B},
      adsnote = {Provided by the SAO/NASA Astrophysics Data System}
}

@ARTICLE{Belan2011,
       author = {{Belan}, Marco and {de Ponte}, Sergio and {Tordella}, Daniela and {Massaglia}, Silvano and {Mignone}, Andrea and {Bodenschatz}, Eberhard and {Ferrari}, Attilio},
        title = "{Hydrodynamics of hypersonic jets: experiments and numerical simulations}",
      journal = {\apss},
     keywords = {Hypersonic jets, Jets from Young Stellar Objects (YSOs), Jet/ambient density ratio, Mach number, Astrophysics - Instrumentation and Methods for Astrophysics, Astrophysics - Solar and Stellar Astrophysics},
         year = 2011,
        month = nov,
       volume = {336},
       number = {1},
        pages = {9-14},
          doi = {10.1007/s10509-011-0600-6},
archivePrefix = {arXiv},
       eprint = {1101.2960},
 primaryClass = {astro-ph.IM},
       adsurl = {https://ui.adsabs.harvard.edu/abs/2011Ap&SS.336....9B},
      adsnote = {Provided by the SAO/NASA Astrophysics Data System}
}

@article{Bellan2009,
abstract = {This paper provides summaries of ten talks on astrophysical jets given at the HEDP/HEDLA-08 International Conference in St. Louis. The talks are topically divided into the areas of observation, numerical modeling, and laboratory experiment. One essential feature of jets, namely, their filamentary (i.e., collimated) nature, can be reproduced in both numerical models and laboratory experiments. Another essential feature of jets, their scalability, is evident from the large number of astrophysical situations where jets occur. This scalability is the reason why laboratory experiments simulating jets are possible and why the same theoretical models can be used for both observed astrophysical jets and laboratory simulations. {\textcopyright} 2009 American Institute of Physics.},
author = {Bellan, P. M. and Livio, M. and Kato, Y. and Lebedev, S. V. and Ray, T. P. and Ferrari, A. and Hartigan, P. and Frank, A. and Foster, J. M. and Nicola{\"{i}}, P.},
doi = {10.1063/1.3101812},
issn = {1070664X},
journal = {Physics of Plasmas},
number = {4},
title = {{Astrophysical jets: Observations, numerical simulations, and laboratory experiments}},
volume = {16},
year = {2009}
}

@ARTICLE{Blandford2019,
       author = {{Blandford}, Roger and {Meier}, David and {Readhead}, Anthony},
        title = "{Relativistic Jets from Active Galactic Nuclei}",
      journal = {\araa},
     keywords = {Astrophysics - High Energy Astrophysical Phenomena},
         year = 2019,
        month = aug,
       volume = {57},
        pages = {467-509},
          doi = {10.1146/annurev-astro-081817-051948},
archivePrefix = {arXiv},
       eprint = {1812.06025},
 primaryClass = {astro-ph.HE},
       adsurl = {https://ui.adsabs.harvard.edu/abs/2019ARA&A..57..467B},
      adsnote = {Provided by the SAO/NASA Astrophysics Data System}
}

@ARTICLE{Marti2016,
       author = {{Mart{\'\i}}, J.~M. and {Perucho}, M. and {G{\'o}mez}, J.~L.},
        title = "{The Internal Structure of overpressured, Magnetized, Relativistic Jets}",
      journal = {\apj},
     keywords = {galaxies: active, galaxies: jets, magnetohydrodynamics: MHD, methods: numerical, shock waves, Astrophysics - High Energy Astrophysical Phenomena},
         year = 2016,
        month = nov,
       volume = {831},
       number = {2},
          eid = {163},
        pages = {163},
          doi = {10.3847/0004-637X/831/2/163},
archivePrefix = {arXiv},
       eprint = {1609.00593},
 primaryClass = {astro-ph.HE},
       adsurl = {https://ui.adsabs.harvard.edu/abs/2016ApJ...831..163M},
      adsnote = {Provided by the SAO/NASA Astrophysics Data System}
}

@ARTICLE{Menon2010,
       author = {{Menon}, Nandkishore and {Skews}, Beric William},
        title = "{Shock wave configurations and flow structures in non-axisymmetric underexpanded sonic jets}",
      journal = {Shock Waves},
     keywords = {Jets, Underexpansion, Sonic jets},
         year = 2010,
        month = jun,
       volume = {20},
       number = {3},
        pages = {175-190},
          doi = {10.1007/s00193-010-0257-z},
       adsurl = {https://ui.adsabs.harvard.edu/abs/2010ShWav..20..175M},
      adsnote = {Provided by the SAO/NASA Astrophysics Data System}
}

@ARTICLE{Singh2019,
       author = {{Singh}, Balveer and {Sharma}, Kushagra and {Srivastava}, Abhishek K.},
        title = "{On modelling the kinematics and evolutionary properties of pressure-pulse-driven impulsive solar jets}",
      journal = {Annales Geophysicae},
     keywords = {Astrophysics - Solar and Stellar Astrophysics},
         year = 2019,
        month = sep,
       volume = {37},
       number = {5},
        pages = {891-902},
          doi = {10.5194/angeo-37-891-2019},
archivePrefix = {arXiv},
       eprint = {1908.11560},
 primaryClass = {astro-ph.SR},
       adsurl = {https://ui.adsabs.harvard.edu/abs/2019AnGeo..37..891S},
      adsnote = {Provided by the SAO/NASA Astrophysics Data System}
}

@ARTICLE{Shibata1982,
       author = {{Shibata}, K. and {Nishikawa}, T. and {Kitai}, R. and {Suematsu}, Y.},
        title = "{Numerical Hydrodynamics of the Jet Phenomena in the Solar Atmosphere - Part Two - Surges}",
      journal = {\solphys},
     keywords = {Atmospheric Models, Magnetohydrodynamic Flow, Plasma Jets, Pressure Gradients, Shock Tubes, Solar Atmosphere, Density Distribution, Jet Flow, Shock Wave Propagation, Spatial Distribution, Surges, Wave Generation, Solar Physics},
         year = 1982,
        month = apr,
       volume = {77},
       number = {1-2},
        pages = {121-151},
          doi = {10.1007/BF00156100},
       adsurl = {https://ui.adsabs.harvard.edu/abs/1982SoPh...77..121S},
      adsnote = {Provided by the SAO/NASA Astrophysics Data System}
}

%----
@ARTICLE{De_Pontieu2007ApJ,
       abstract = {},
       author = {{De Pontieu}, B. and {Hansteen}, V.~H. and {Rouppe van der Voort}, L. and
         {van Noort}, M. and {Carlsson}, M.},
        title = "{High-Resolution Observations and Modeling of Dynamic Fibrils}",
      journal = {\apj},
     keywords = {Magnetic Fields, Sun: Chromosphere, Sun: Photosphere, Astrophysics},
         year = 2007,
        month = jan,
       volume = {655},
       number = {1},
        pages = {624-641},
          doi = {10.1086/509070},
archivePrefix = {arXiv},
       eprint = {astro-ph/0701786},
 primaryClass = {astro-ph},
       adsurl = {https://ui.adsabs.harvard.edu/abs/2007ApJ...655..624D},
      adsnote = {Provided by the SAO/NASA Astrophysics Data System}
}
%--------------
@ARTICLE{Tsiropoula1993A,
       author = {{Tsiropoula}, G. and {Alissandrakis}, C.~E. and {Schmieder}, B.},
        title = "{The fine structure of a chromospheric rosette}",
      journal = {\aap},
     keywords = {lines: profile, sun: chromosphere},
         year = 1993,
        month = apr,
       volume = {271},
        pages = {574},
       adsurl = {https://ui.adsabs.harvard.edu/abs/1993A&A...271..574T},
      adsnote = {Provided by the SAO/NASA Astrophysics Data System}
}
%------------
@ARTICLE{Rouppe2007ApJ660L169R,
       author = {{Rouppe van der Voort}, L.~H.~M. and {De Pontieu}, B. and
         {Hansteen}, V.~H. and {Carlsson}, M. and {van Noort}, M.},
        title = "{Magnetoacoustic Shocks as a Driver of Quiet-Sun Mottles}",
      journal = {\apjl},
     keywords = {Sun: Atmospheric Motions, Sun: Chromosphere, Sun: Magnetic Fields, Astrophysics},
         year = 2007,
        month = may,
       volume = {660},
       number = {2},
        pages = {L169-L172},
          doi = {10.1086/518246},
archivePrefix = {arXiv},
       eprint = {astro-ph/0703535},
 primaryClass = {astro-ph},
       adsurl = {https://ui.adsabs.harvard.edu/abs/2007ApJ...660L.169R},
      adsnote = {Provided by the SAO/NASA Astrophysics Data System}
}
%-------------
@ARTICLE{Bhavilai1965MNRAS130411B,
       author = {{Bhavilai}, Rawi},
        title = "{The structure of the solar chromosphere, I: Identification of spicules on the disk}",
      journal = {\mnras},
         year = 1965,
        month = jan,
       volume = {130},
        pages = {411},
          doi = {10.1093/mnras/130.6.411},
       adsurl = {https://ui.adsabs.harvard.edu/abs/1965MNRAS.130..411B},
      adsnote = {Provided by the SAO/NASA Astrophysics Data System}
}
%-----------------------
@ARTICLE{Christopoulou2001SoPh19961C,
       author = {{Christopoulou}, E.~B. and {Georgakilas}, A.~A. and {Koutchmy}, S.},
        title = "{Fine Structure of the Magnetic Chromosphere: Near-Limb Imaging, Data Processing and Analysis of Spicules and Mottles}",
      journal = {\solphys},
         year = 2001,
        month = mar,
       volume = {199},
       number = {1},
        pages = {61-80},
          doi = {10.1023/A:1010338927151},
       adsurl = {https://ui.adsabs.harvard.edu/abs/2001SoPh..199...61C},
      adsnote = {Provided by the SAO/NASA Astrophysics Data System}
}
@ARTICLE{Grossmann1973SoPh28319G,
       author = {{Grossmann-Doerth}, Ulrich and {von Uexk{\"u}ll}, Marina},
        title = "{Spectral Investigation of the Chromosphere. II. The Nature of the Mottles and a Model of the Overall Structure}",
      journal = {\solphys},
         year = 1973,
        month = feb,
       volume = {28},
       number = {2},
        pages = {319-332},
          doi = {10.1007/BF00152301},
       adsurl = {https://ui.adsabs.harvard.edu/abs/1973SoPh...28..319G},
      adsnote = {Provided by the SAO/NASA Astrophysics Data System}
}
%-------------
@ARTICLE{Grossmann1992AA264236G,
       author = {{Grossmann-Doerth}, U. and {Schmidt}, W.},
        title = "{Chromospheric fine structure revisited}",
      journal = {\aap},
     keywords = {Chromosphere, Solar Atmosphere, Solar Limb, Spicules, Stellar Structure, Doppler Effect, H Alpha Line, Velocity Distribution, Solar Physics},
         year = 1992,
        month = oct,
       volume = {264},
       number = {1},
        pages = {236-242},
       adsurl = {https://ui.adsabs.harvard.edu/abs/1992A&A...264..236G},
      adsnote = {Provided by the SAO/NASA Astrophysics Data System}
}
%---------
@ARTICLE{Banos1970SoPh12106B,
       author = {{Banos}, G.~J. and {Macris}, C.~J.},
        title = "{New Observational Results for the Solar Chromosphere}",
      journal = {\solphys},
         year = 1970,
        month = apr,
       volume = {12},
       number = {1},
        pages = {106-114},
          doi = {10.1007/BF02276571},
       adsurl = {https://ui.adsabs.harvard.edu/abs/1970SoPh...12..106B},
      adsnote = {Provided by the SAO/NASA Astrophysics Data System}
}
%----------------
@ARTICLE{Alissandrakis1971SoPh2047A,
       author = {{Alissandrakis}, C.~E. and {Macris}, C.~J.},
        title = "{A Study of the Fine Structure of the Solar Chromosphere at the Limb}",
      journal = {\solphys},
         year = 1971,
        month = oct,
       volume = {20},
       number = {1},
        pages = {47-56},
          doi = {10.1007/BF00146093},
       adsurl = {https://ui.adsabs.harvard.edu/abs/1971SoPh...20...47A},
      adsnote = {Provided by the SAO/NASA Astrophysics Data System}
}
%------------------
@ARTICLE{Beckers1963ApJ138648B,
       author = {{Beckers}, Jacques M.},
        title = "{Study of the Undisturbed Chromosphere from Ha-DISK Filtergrams, with Particular Reference to the Indentification of Spicules.}",
      journal = {\apj},
         year = 1963,
        month = oct,
       volume = {138},
        pages = {648},
          doi = {10.1086/147676},
       adsurl = {https://ui.adsabs.harvard.edu/abs/1963ApJ...138..648B},
      adsnote = {Provided by the SAO/NASA Astrophysics Data System}
}
%--------------------
@ARTICLE{Cragg1963ApJ138303C,
       author = {{Cragg}, T. and {Howard}, R. and {Zirin}, H.},
        title = "{Vertical Structures in the Chromosphere.}",
      journal = {\apj},
         year = 1963,
        month = jul,
       volume = {138},
        pages = {303},
          doi = {10.1086/147643},
       adsurl = {https://ui.adsabs.harvard.edu/abs/1963ApJ...138..303C},
      adsnote = {Provided by the SAO/NASA Astrophysics Data System}
}
%-------------------
@ARTICLE{Gafeira2017ApJS2297G,
       author = {{Gafeira}, R. and {Jafarzadeh}, S. and {Solanki}, S.~K. and {Lagg}, A. and
         {van Noort}, M. and {Barthol}, P. and {Blanco Rodr{\'\i}guez}, J. and
         {del Toro Iniesta}, J.~C. and {Gandorfer}, A. and {Gizon}, L. and
         {Hirzberger}, J. and {Kn{\"o}lker}, M. and {Orozco Su{\'a}rez}, D. and
         {Riethm{\"u}ller}, T.~L. and {Schmidt}, W.},
        title = "{Oscillations on Width and Intensity of Slender Ca II H Fibrils from Sunrise/SuFI}",
      journal = {\apjs},
     keywords = {Sun: chromosphere, Sun: magnetic fields, Sun: oscillations, techniques: imaging spectroscopy, Astrophysics - Solar and Stellar Astrophysics},
         year = 2017,
        month = mar,
       volume = {229},
       number = {1},
          eid = {7},
        pages = {7},
          doi = {10.3847/1538-4365/229/1/7},
archivePrefix = {arXiv},
       eprint = {1701.02801},
 primaryClass = {astro-ph.SR},
       adsurl = {https://ui.adsabs.harvard.edu/abs/2017ApJS..229....7G},
      adsnote = {Provided by the SAO/NASA Astrophysics Data System}
}
%---------------
@INBOOK{Suematsu1990LNP367211S,
       author = {{Suematsu}, Yoshinori},
        title = "{Influence of Photospheric 5-Minute Oscillations on the Formation of Chromospheric Fine Structures}",
    booktitle = {Progress of Seismology of the Sun and Stars},
         year = 1990,
       editor = {{Osaki}, Yoji and {Shibahashi}, Hiromoto},
       volume = {367},
        pages = {211},
          doi = {10.1007/3-540-53091-6_83},
       adsurl = {https://ui.adsabs.harvard.edu/abs/1990LNP...367..211S},
      adsnote = {Provided by the SAO/NASA Astrophysics Data System}
}
%----------------------------
@ARTICLE{Heggland2007ApJ6661277H,
       author = {{Heggland}, L. and {De Pontieu}, B. and {Hansteen}, V.~H.},
        title = "{Numerical Simulations of Shock Wave-driven Chromospheric Jets}",
      journal = {\apj},
     keywords = {Magnetic Fields, Magnetohydrodynamics: MHD, Shock Waves, Sun: Chromosphere, Astrophysics},
         year = 2007,
        month = sep,
       volume = {666},
       number = {2},
        pages = {1277-1283},
          doi = {10.1086/518828},
archivePrefix = {arXiv},
       eprint = {astro-ph/0703498},
 primaryClass = {astro-ph},
       adsurl = {https://ui.adsabs.harvard.edu/abs/2007ApJ...666.1277H},
      adsnote = {Provided by the SAO/NASA Astrophysics Data System}
}
%-------------------------
@ARTICLE{Langangen2008ApJ6731194L,
       author = {{Langangen}, {\O}ystein and {Carlsson}, Mats and
         {Rouppe van der Voort}, Luc and {Hansteen}, Viggo and
         {De Pontieu}, Bart},
        title = "{Spectroscopic Measurements of Dynamic Fibrils in the Ca II {\ensuremath{\lambda}}8662 Line}",
      journal = {\apj},
     keywords = {Sun: atmospheric motions, Sun: chromosphere, techniques: spectroscopic, Astrophysics},
         year = 2008,
        month = feb,
       volume = {673},
       number = {2},
        pages = {1194-1200},
          doi = {10.1086/524377},
archivePrefix = {arXiv},
       eprint = {0710.0247},
 primaryClass = {astro-ph},
       adsurl = {https://ui.adsabs.harvard.edu/abs/2008ApJ...673.1194L},
      adsnote = {Provided by the SAO/NASA Astrophysics Data System}
}
%------------------
@INBOOK{Rimmele2000SPIE4007218R,
       author = {{Rimmele}, Thomas R.},
        title = "{Solar adaptive optics}",
    booktitle = {\procspie},
         year = 2000,
       editor = {{Wizinowich}, Peter L.},
       volume = {4007},
       series = {Society of Photo-Optical Instrumentation Engineers (SPIE) Conference Series},
        pages = {218-231},
          doi = {10.1117/12.390301},
       adsurl = {https://ui.adsabs.harvard.edu/abs/2000SPIE.4007..218R},
      adsnote = {Provided by the SAO/NASA Astrophysics Data System}
}
%--------------
@INBOOK{Scharmer2003SPIE4853370S,
       author = {{Scharmer}, Goran B. and {Dettori}, Peter M. and {Lofdahl}, Mats G. and
         {Shand}, Mark},
        title = "{Adaptive optics system for the new Swedish solar telescope}",
    booktitle = {\procspie},
         year = 2003,
       editor = {{Keil}, Stephen L. and {Avakyan}, Sergey V.},
       volume = {4853},
       series = {Society of Photo-Optical Instrumentation Engineers (SPIE) Conference Series},
        pages = {370-380},
          doi = {10.1117/12.460387},
       adsurl = {https://ui.adsabs.harvard.edu/abs/2003SPIE.4853..370S},
      adsnote = {Provided by the SAO/NASA Astrophysics Data System}
}
%-----------------
@ARTICLE{von1993AA268374V,
       author = {{von der Luehe}, O.},
        title = "{Speckle imaging of solar small scale structure. I - Methods}",
      journal = {\aap},
     keywords = {Image Resolution, Imaging Techniques, Solar Granulation, Speckle Interferometry, Atmospheric Optics, Image Processing, Telescopes, Solar Physics},
         year = 1993,
        month = feb,
       volume = {268},
       number = {1},
        pages = {374-390},
       adsurl = {https://ui.adsabs.harvard.edu/abs/1993A&A...268..374V},
      adsnote = {Provided by the SAO/NASA Astrophysics Data System}
}
%------------------
@ARTICLE{van2005SoPh228191V,
       author = {{van Noort}, Michiel and {Rouppe van der Voort}, Luc and
         {L{\"o}fdahl}, Mats G.},
        title = "{Solar Image Restoration By Use Of Multi-frame Blind De-convolution With Multiple Objects And Phase Diversity}",
      journal = {\solphys},
         year = 2005,
        month = may,
       volume = {228},
       number = {1-2},
        pages = {191-215},
          doi = {10.1007/s11207-005-5782-z},
       adsurl = {https://ui.adsabs.harvard.edu/abs/2005SoPh..228..191V},
      adsnote = {Provided by the SAO/NASA Astrophysics Data System}
}
%----------------
@ARTICLE{Foukal1971SoPh20298F,
       author = {{Foukal}, Peter},
        title = "{H{\ensuremath{\alpha}} Fine Structure and the Chromospheric Field}",
      journal = {\solphys},
         year = 1971,
        month = nov,
       volume = {20},
       number = {2},
        pages = {298-309},
          doi = {10.1007/BF00159759},
       adsurl = {https://ui.adsabs.harvard.edu/abs/1971SoPh...20..298F},
      adsnote = {Provided by the SAO/NASA Astrophysics Data System}
}
%--------------------
@ARTICLE{Foukal1971SoPh1959F,
       author = {{Foukal}, Peter},
        title = "{Morphological Relationships in the Chromospheric H{\ensuremath{\alpha}} Fine Structure}",
      journal = {\solphys},
         year = 1971,
        month = aug,
       volume = {19},
       number = {1},
        pages = {59-71},
          doi = {10.1007/BF00148824},
       adsurl = {https://ui.adsabs.harvard.edu/abs/1971SoPh...19...59F},
      adsnote = {Provided by the SAO/NASA Astrophysics Data System}
}
%---------------
@ARTICLE{Lippincott1957SCoA215L,
       author = {{Lippincott}, Sarah Lee},
        title = "{Chromospheric Spicules}",
      journal = {Smithsonian Contributions to Astrophysics},
         year = 1957,
        month = jan,
       volume = {2},
        pages = {15},
       adsurl = {https://ui.adsabs.harvard.edu/abs/1957SCoA....2...15L},
      adsnote = {Provided by the SAO/NASA Astrophysics Data System}
}
%--------
@ARTICLE{Rush1954AuJPh7230R,
       author = {{Rush}, J.~H. and {Roberts}, W.~O.},
        title = "{Recent Studies of Chromospheric Spicules}",
      journal = {Australian Journal of Physics},
         year = 1954,
        month = jun,
       volume = {7},
        pages = {230},
          doi = {10.1071/PH540230},
       adsurl = {https://ui.adsabs.harvard.edu/abs/1954AuJPh...7..230R},
      adsnote = {Provided by the SAO/NASA Astrophysics Data System}
}
%------------
@ARTICLE{Cook1984AdSpR459C,
       author = {{Cook}, J.~W. and {Brueckner}, G.~E. and {Bartoe}, J. -D.~F. and
         {Socker}, D.~G.},
        title = "{HRTS observations of spicular emission at transition region temperatures above the solar limb}",
      journal = {Advances in Space Research},
     keywords = {Coronal Holes, Rocket-Borne Instruments, Solar Limb, Solar Spectra, Solar Temperature, Spicules, Ultraviolet Spectra, Emission Spectra, H Alpha Line, Solar Rotation, Spectroheliographs, Solar Physics},
         year = 1984,
        month = jan,
       volume = {4},
       number = {8},
        pages = {59-62},
          doi = {10.1016/0273-1177(84)90366-1},
       adsurl = {https://ui.adsabs.harvard.edu/abs/1984AdSpR...4...59C},
      adsnote = {Provided by the SAO/NASA Astrophysics Data System}
}
%-----------
@ARTICLE{Georgakilas1999AA341610G,
       author = {{Georgakilas}, A.~A. and {Koutchmy}, S. and {Alissandrakis}, C.~E.},
        title = "{Polar surges and macrospicules: simultaneous H{\ensuremath{\alpha}} and He BT II 304 Angstroms observations}",
      journal = {\aap},
     keywords = {SUN: CHROMOSPHERE, SUN: TRANSITION REGION, SUN: UV RADIATION},
         year = 1999,
        month = jan,
       volume = {341},
        pages = {610-616},
       adsurl = {https://ui.adsabs.harvard.edu/abs/1999A&A...341..610G},
      adsnote = {Provided by the SAO/NASA Astrophysics Data System}
}
%-------------------
@ARTICLE{Pasachoff2009SoPh26059P,
       author = {{Pasachoff}, Jay M. and {Jacobson}, William A. and
         {Sterling}, Alphonse C.},
        title = "{Limb Spicules from the Ground and from Space}",
      journal = {\solphys},
     keywords = {TRACE, Swedish 1-m solar telescope, Hinode, Sun: spicules, Sun: chromosphere, Solar dynamics observatory, Astrophysics - Solar and Stellar Astrophysics},
         year = 2009,
        month = nov,
       volume = {260},
       number = {1},
        pages = {59-82},
          doi = {10.1007/s11207-009-9430-x},
archivePrefix = {arXiv},
       eprint = {0909.0027},
 primaryClass = {astro-ph.SR},
       adsurl = {https://ui.adsabs.harvard.edu/abs/2009SoPh..260...59P},
      adsnote = {Provided by the SAO/NASA Astrophysics Data System}
}
%-------------
@ARTICLE{Dunn1960Obs8031D,
       author = {{Dunn}, R.~B. and {Jefferies}, J.~T. and {Orrall}, F.~Q.},
        title = "{The line and continuous emission observed in two limb flares}",
      journal = {The Observatory},
         year = 1960,
        month = feb,
       volume = {80},
        pages = {31-33},
       adsurl = {https://ui.adsabs.harvard.edu/abs/1960Obs....80...31D},
      adsnote = {Provided by the SAO/NASA Astrophysics Data System}
}
%-------------------
@ARTICLE{Lynch1973SoPh3063L,
       author = {{Lynch}, D.~K. and {Beckers}, J.~M. and {Dunn}, R.~B.},
        title = "{A Morphological Study of Solar Spicules}",
      journal = {\solphys},
         year = 1973,
        month = may,
       volume = {30},
       number = {1},
        pages = {63-70},
          doi = {10.1007/BF00156173},
       adsurl = {https://ui.adsabs.harvard.edu/abs/1973SoPh...30...63L},
      adsnote = {Provided by the SAO/NASA Astrophysics Data System}
}
%-------------
@ARTICLE{Tavabi2011NewA16296T,
       author = {{Tavabi}, E. and {Koutchmy}, S. and {Ajabshirizadeh}, A.},
        title = "{A statistical analysis of the SOT-Hinode observations of solar spicules and their wave-like behavior}",
      journal = {New Astronomy},
     keywords = {Astrophysics - Solar and Stellar Astrophysics},
         year = 2011,
        month = jul,
       volume = {16},
       number = {4},
        pages = {296-305},
          doi = {10.1016/j.newast.2010.11.005},
archivePrefix = {arXiv},
       eprint = {1004.1692},
 primaryClass = {astro-ph.SR},
       adsurl = {https://ui.adsabs.harvard.edu/abs/2011NewA...16..296T},
      adsnote = {Provided by the SAO/NASA Astrophysics Data System}
}
%--------------
@ARTICLE{Trujillo2005ApJ619L191T,
       author = {{Trujillo Bueno}, J. and {Merenda}, L. and {Centeno}, R. and
         {Collados}, M. and {Landi Degl'Innocenti}, E.},
        title = "{The Hanle and Zeeman Effects in Solar Spicules: A Novel Diagnostic Window on Chromospheric Magnetism}",
      journal = {\apjl},
     keywords = {Magnetic Fields, Polarization, Radiative Transfer, Scattering, Stars: Magnetic Fields, Sun: Chromosphere, Astrophysics},
         year = 2005,
        month = feb,
       volume = {619},
       number = {2},
        pages = {L191-L194},
          doi = {10.1086/428124},
archivePrefix = {arXiv},
       eprint = {astro-ph/0501533},
 primaryClass = {astro-ph},
       adsurl = {https://ui.adsabs.harvard.edu/abs/2005ApJ...619L.191T},
      adsnote = {Provided by the SAO/NASA Astrophysics Data System}
}
%-------------------
@ARTICLE{Pneuman1977AA55305P,
       author = {{Pneuman}, G.~W. and {Kopp}, R.~A.},
        title = "{Downflow of Spicular Material and Transition Region Models}",
      journal = {\aap},
         year = 1977,
        month = mar,
       volume = {55},
        pages = {305},
       adsurl = {https://ui.adsabs.harvard.edu/abs/1977A&A....55..305P},
      adsnote = {Provided by the SAO/NASA Astrophysics Data System}
}
%----------------------------
@ARTICLE{Pneuman1978SoPh5749P,
       author = {{Pneuman}, G.~W. and {Kopp}, R.~A.},
        title = "{Downflow in the supergranulation network and its implications for transition region models.}",
      journal = {\solphys},
     keywords = {Atmospheric Models, Solar Atmosphere, Solar Granulation, Spicules, Astronomical Models, Chromosphere, Solar Corona, Solar Wind, Solar Physics, Solar Granulation:Solar Spicules, Sun: Transition Regions},
         year = 1978,
        month = mar,
       volume = {57},
       number = {1},
        pages = {49-64},
          doi = {10.1007/BF00152043},
       adsurl = {https://ui.adsabs.harvard.edu/abs/1978SoPh...57...49P},
      adsnote = {Provided by the SAO/NASA Astrophysics Data System}
}
%----------------
@ARTICLE{Pereira2016ApJ82465P,
       author = {{Pereira}, Tiago M.~D. and {Rouppe van der Voort}, Luc and
         {Carlsson}, Mats},
        title = "{The Appearance of Spicules in High Resolution Observations of Ca II H and H{\ensuremath{\alpha}}}",
      journal = {\apj},
     keywords = {Sun: atmosphere, Sun: chromosphere, Astrophysics - Solar and Stellar Astrophysics},
         year = 2016,
        month = jun,
       volume = {824},
       number = {2},
          eid = {65},
        pages = {65},
          doi = {10.3847/0004-637X/824/2/65},
archivePrefix = {arXiv},
       eprint = {1604.03116},
 primaryClass = {astro-ph.SR},
       adsurl = {https://ui.adsabs.harvard.edu/abs/2016ApJ...824...65P},
      adsnote = {Provided by the SAO/NASA Astrophysics Data System}
}
%--------------
@INBOOK{Rutten2006ASPC354276R,
       author = {{Rutten}, R.~J.},
        title = "{On the Nature of the Solar Chromosphere}",
     keywords = {Astrophysics},
    booktitle = {Solar MHD Theory and Observations: A High Spatial Resolution Perspective},
         year = 2006,
       editor = {{Leibacher}, John and {Stein}, Robert F. and {Uitenbroek}, Han},
       volume = {354},
       series = {Astronomical Society of the Pacific Conference Series},
        pages = {276},
       adsurl = {https://ui.adsabs.harvard.edu/abs/2006ASPC..354..276R},
      adsnote = {Provided by the SAO/NASA Astrophysics Data System}
}
%----------------
@INBOOK{Rutten2007ASPC36827R,
       author = {{Rutten}, R.~J.},
        title = "{Observing the Solar Chromosphere}",
     keywords = {Astrophysics},
    booktitle = {The Physics of Chromospheric Plasmas},
         year = 2007,
       editor = {{Heinzel}, P. and {Dorotovi{\v{c}}}, I. and {Rutten}, R.~J.},
       volume = {368},
       series = {Astronomical Society of the Pacific Conference Series},
        pages = {27},
       adsurl = {https://ui.adsabs.harvard.edu/abs/2007ASPC..368...27R},
      adsnote = {Provided by the SAO/NASA Astrophysics Data System}
}
%--------------------
@ARTICLE{Kuridze2015ApJ80226K,
       author = {{Kuridze}, D. and {Henriques}, V. and {Mathioudakis}, M. and
         {Erd{\'e}lyi}, R. and {Zaqarashvili}, T.~V. and {Shelyag}, S. and
         {Keys}, P.~H. and {Keenan}, F.~P.},
        title = "{The Dynamics of Rapid Redshifted and Blueshifted Excursions in the Solar H{\ensuremath{\alpha}} Line}",
      journal = {\apj},
     keywords = {magnetohydrodynamics: MHD, Sun: atmosphere, Sun: chromosphere, Sun: magnetic fields, Sun: oscillations, waves, Astrophysics - Solar and Stellar Astrophysics},
         year = 2015,
        month = mar,
       volume = {802},
       number = {1},
          eid = {26},
        pages = {26},
          doi = {10.1088/0004-637X/802/1/26},
archivePrefix = {arXiv},
       eprint = {1501.06205},
 primaryClass = {astro-ph.SR},
       adsurl = {https://ui.adsabs.harvard.edu/abs/2015ApJ...802...26K},
      adsnote = {Provided by the SAO/NASA Astrophysics Data System}
}
%---------------
@ARTICLE{Sekse2013ApJ764164S,
       author = {{Sekse}, D.~H. and {Rouppe van der Voort}, L. and {De Pontieu}, B.},
        title = "{On the Temporal Evolution of the Disk Counterpart of Type II Spicules in the Quiet Sun}",
      journal = {\apj},
     keywords = {Sun: chromosphere, Sun: corona, Astrophysics - Solar and Stellar Astrophysics},
         year = 2013,
        month = feb,
       volume = {764},
       number = {2},
          eid = {164},
        pages = {164},
          doi = {10.1088/0004-637X/764/2/164},
archivePrefix = {arXiv},
       eprint = {1212.4988},
 primaryClass = {astro-ph.SR},
       adsurl = {https://ui.adsabs.harvard.edu/abs/2013ApJ...764..164S},
      adsnote = {Provided by the SAO/NASA Astrophysics Data System}
}
%-----------------------
@ARTICLE{Sekse2013ApJ76944S,
       author = {{Sekse}, D.~H. and {Rouppe van der Voort}, L. and {De Pontieu}, B. and
         {Scullion}, E.},
        title = "{Interplay of Three Kinds of Motion in the Disk Counterpart of Type II Spicules: Upflow, Transversal, and Torsional Motions}",
      journal = {\apj},
     keywords = {Sun: atmosphere, Sun: chromosphere, Sun: corona, Astrophysics - Solar and Stellar Astrophysics},
         year = 2013,
        month = may,
       volume = {769},
       number = {1},
          eid = {44},
        pages = {44},
          doi = {10.1088/0004-637X/769/1/44},
archivePrefix = {arXiv},
       eprint = {1304.2304},
 primaryClass = {astro-ph.SR},
       adsurl = {https://ui.adsabs.harvard.edu/abs/2013ApJ...769...44S},
      adsnote = {Provided by the SAO/NASA Astrophysics Data System}
}
%---------------------
@ARTICLE{Bohlin1975ApJ197L133B,
       author = {{Bohlin}, J.~D. and {Vogel}, S.~N. and {Purcell}, J.~D. and
         {Sheeley}, N.~R., Jr. and {Tousey}, R. and {Vanhoosier}, M.~E.},
        title = "{A newly observed solar feature: macrospicules in He II 304 {\r{A}}.}",
      journal = {\apjl},
     keywords = {Far Ultraviolet Radiation, Helium Ions, Solar Spectra, Spicules, Ultraviolet Spectra, H Alpha Line, Skylab Program, Solar Limb, Solar Prominences, Spectroheliographs, Solar Physics},
         year = 1975,
        month = may,
       volume = {197},
        pages = {L133-L135},
          doi = {10.1086/181794},
       adsurl = {https://ui.adsabs.harvard.edu/abs/1975ApJ...197L.133B},
      adsnote = {Provided by the SAO/NASA Astrophysics Data System}
}
%--------------------
@ARTICLE{Moe1975SoPh4065K,
       author = {{Kjeldseth Moe}, O. and {Engvold}, Olav Oddbjorn and
         {Beckers}, Jacques Maurice},
        title = "{A Comparison of Spicules in the H{\ensuremath{\alpha}} and He II (304 {\r{A}}) Lines}",
      journal = {\solphys},
     keywords = {H Alpha Line, Helium Ions, Lyman Spectra, Satellite Observation, Solar Spectra, Spicules, Balmer Series, Ground Stations, Line Spectra, Skylab Program, Solar Limb, Solar Physics},
         year = 1975,
        month = jan,
       volume = {40},
       number = {1},
        pages = {65-68},
          doi = {10.1007/BF00183152},
       adsurl = {https://ui.adsabs.harvard.edu/abs/1975SoPh...40...65K},
      adsnote = {Provided by the SAO/NASA Astrophysics Data System}
}
%------------
@ARTICLE{Labonte1979SoPh61283L,
       author = {{Labonte}, B.~J.},
        title = "{Activity in the quiet sun. I. Observations of macrospicules in Halpha and D$_{3}$.}",
      journal = {\solphys},
     keywords = {D Lines, H Alpha Line, Solar Physics, Spicules, Emission Spectra, Far Ultraviolet Radiation, Helium, Solar Limb, Solar Physics, H Alpha:Solar Spicules},
         year = 1979,
        month = mar,
       volume = {61},
       number = {2},
        pages = {283-296},
          doi = {10.1007/BF00150413},
       adsurl = {https://ui.adsabs.harvard.edu/abs/1979SoPh...61..283L},
      adsnote = {Provided by the SAO/NASA Astrophysics Data System}
}
%---------------
@ARTICLE{Pike1997SoPh175457P,
       author = {{Pike}, C.~D. and {Harrison}, R.~A.},
        title = "{EUV Observations of a Macrospicule: Evidence for Solar Wind Acceleration?}",
      journal = {\solphys},
         year = 1997,
        month = oct,
       volume = {175},
       number = {2},
        pages = {457-465},
          doi = {10.1023/A:1004987505422},
       adsurl = {https://ui.adsabs.harvard.edu/abs/1997SoPh..175..457P},
      adsnote = {Provided by the SAO/NASA Astrophysics Data System}
}
%-------------
@ARTICLE{Parenti2002AA384303P,
       author = {{Parenti}, S. and {Bromage}, B.~J.~I. and {Bromage}, G.~E.},
        title = "{An erupting macrospicule. Characteristics derived from SOHO-CDS spectroscopic observations}",
      journal = {\aap},
     keywords = {SUN: CORONA, SUN: ACTIVITY},
         year = 2002,
        month = mar,
       volume = {384},
        pages = {303-316},
          doi = {10.1051/0004-6361:20011819},
       adsurl = {https://ui.adsabs.harvard.edu/abs/2002A&A...384..303P},
      adsnote = {Provided by the SAO/NASA Astrophysics Data System}
}
%------
@ARTICLE{Loboda2019ApJ871230L,
       author = {{Loboda}, Ivan P. and {Bogachev}, Sergej A.},
        title = "{What is a Macrospicule?}",
      journal = {\apj},
     keywords = {Sun: activity, Sun: corona, Sun: transition region, Astrophysics - Solar and Stellar Astrophysics},
         year = 2019,
        month = feb,
       volume = {871},
       number = {2},
          eid = {230},
        pages = {230},
          doi = {10.3847/1538-4357/aafa7a},
archivePrefix = {arXiv},
       eprint = {1902.01380},
 primaryClass = {astro-ph.SR},
       adsurl = {https://ui.adsabs.harvard.edu/abs/2019ApJ...871..230L},
      adsnote = {Provided by the SAO/NASA Astrophysics Data System}
}
%-------------
@ARTICLE{Kiss2017ApJ83547K,
       author = {{Kiss}, T.~S. and {Gyenge}, N. and {Erd{\'e}lyi}, R.},
        title = "{Systematic Variations of Macrospicule Properties Observed by SDO/AIA over Half a Decade}",
      journal = {\apj},
     keywords = {Sun: chromosphere, Sun: corona, Sun: activity, Sun: oscillations, Astrophysics - Solar and Stellar Astrophysics},
         year = 2017,
        month = jan,
       volume = {835},
       number = {1},
          eid = {47},
        pages = {47},
          doi = {10.3847/1538-4357/aa5272},
archivePrefix = {arXiv},
       eprint = {1612.02224},
 primaryClass = {astro-ph.SR},
       adsurl = {https://ui.adsabs.harvard.edu/abs/2017ApJ...835...47K},
      adsnote = {Provided by the SAO/NASA Astrophysics Data System}
}
%-------------
@ARTICLE{Bennett2015ApJ808135B,
       author = {{Bennett}, S.~M. and {Erd{\'e}lyi}, R.},
        title = "{On the Statistics of Macrospicules}",
      journal = {\apj},
     keywords = {Sun: atmosphere, Sun: chromosphere, Sun: transition region},
         year = 2015,
        month = aug,
       volume = {808},
       number = {2},
          eid = {135},
        pages = {135},
          doi = {10.1088/0004-637X/808/2/135},
       adsurl = {https://ui.adsabs.harvard.edu/abs/2015ApJ...808..135B},
      adsnote = {Provided by the SAO/NASA Astrophysics Data System}
}
%--------------
@ARTICLE{Wang1998ApJ509461W,
       author = {{Wang}, Haimin},
        title = "{Comparison of H{\ensuremath{\alpha}} and He II {\ensuremath{\lambda}}304 Macrospicules}",
      journal = {\apj},
     keywords = {SUN: CHROMOSPHERE, SUN: MAGNETIC FIELDS, SUN: UV RADIATION, Sun: Chromosphere, Sun: Magnetic Fields, Sun: UV Radiation},
         year = 1998,
        month = dec,
       volume = {509},
       number = {1},
        pages = {461-470},
          doi = {10.1086/306497},
       adsurl = {https://ui.adsabs.harvard.edu/abs/1998ApJ...509..461W},
      adsnote = {Provided by the SAO/NASA Astrophysics Data System}
}
%----------------
@ARTICLE{Kayshap2013ApJ770L3K,
       author = {{Kayshap}, P. and {Srivastava}, Abhishek K. and {Murawski}, K. and
         {Tripathi}, Durgesh},
        title = "{Origin of Macrospicule and Jet in Polar Corona by a Small-scale Kinked Flux Tube}",
      journal = {\apjl},
     keywords = {magnetohydrodynamics: MHD, Sun: chromosphere, Sun: corona, Astrophysics - Solar and Stellar Astrophysics},
         year = 2013,
        month = jun,
       volume = {770},
       number = {1},
          eid = {L3},
        pages = {L3},
          doi = {10.1088/2041-8205/770/1/L3},
archivePrefix = {arXiv},
       eprint = {1305.0338},
 primaryClass = {astro-ph.SR},
       adsurl = {https://ui.adsabs.harvard.edu/abs/2013ApJ...770L...3K},
      adsnote = {Provided by the SAO/NASA Astrophysics Data System}
}
%-----------
@ARTICLE{Pike1998SoPh182333P,
       author = {{Pike}, C.~D. and {Mason}, H.~E.},
        title = "{Rotating Transition Region Features Observed with the SOHO Coronal Diagnostic Spectrometer}",
      journal = {\solphys},
         year = 1998,
        month = oct,
       volume = {182},
       number = {2},
        pages = {333-348},
          doi = {10.1023/A:1005065704108},
       adsurl = {https://ui.adsabs.harvard.edu/abs/1998SoPh..182..333P},
      adsnote = {Provided by the SAO/NASA Astrophysics Data System}
}
%------
@BOOK{Lang_2006ses,
   author = {{Lang}, K.~R.},
    title = "{Sun, Earth and Sky}",
booktitle = {Sun, Earth and Sky, by K.R.~Lang.~ISBN 978-0-387-30456-4.~ Berlin: Springer, 2006.},
     year = 2006,
   adsurl = {http://adsabs.harvard.edu/abs/2006ses..book.....L},
  adsnote = {Provided by the SAO/NASA Astrophysics Data System}
}
%---------------
@book{mullan2009physics,
  title="{Physics of the Sun: A First Course}",
  author={{Mullan}, D.J.},
  isbn={9781420083088},
  series={Pure and Applied Physics},
  url={https://books.google.be/books?id=owTMBQAAQBAJ},
  year={2009},
  publisher={CRC Press}
}
%------------------
@book{priest2014magnetohydrodynamics,
  title={Magnetohydrodynamics of the Sun},
  author={Priest, E.},
  isbn={9780521854719},
  lccn={2013029372},
  url={https://books.google.co.uk/books?id=BrbSAgAAQBAJ},
  year={2014},
  publisher={Cambridge University Press}
}
%------------------
@book{narayanan2014introduction,
  title={An Introduction to Waves and Oscillations in the Sun},
  author={Narayanan, A.S.},
  isbn={9781489995964},
  series={Astronomy and Astrophysics Library},
  url={https://books.google.be/books?id=Wm3woQEACAAJ},
  year={2014},
  publisher={Springer New York}
}
%------------------------
@ARTICLE{Verwichte_2013A_A,
   author = {{Verwichte}, E. and {Van Doorsselaere}, T. and {White}, R.~S. and {Antolin}, P.},
    title = "{Statistical seismology of transverse waves in the solar corona}",
  journal = {\aap},
 keywords = {Sun: oscillations, magnetohydrodynamics (MHD)},
     year = 2013,
    month = apr,
   volume = 552,
      eid = {A138},
    pages = {A138},
      doi = {10.1051/0004-6361/201220456},
   adsurl = {http://adsabs.harvard.edu/abs/2013A%26A...552A.138V},
  adsnote = {Provided by the SAO/NASA Astrophysics Data System}
}
%-------------------------
@ARTICLE{Nakariakov_2001,
   author = {{Nakariakov}, V.~M. and {Ofman}, L.},
    title = "{Determination of the coronal magnetic field by coronal loop oscillations}",
  journal = {\aap},
 keywords = {MAGNETOHYDRODYNAMICS (MHD), WAVES, SUN: CORONA, SUN: ACTIVITY, SUN: OSCILLATIONS, SUN: UV RADIATION},
     year = 2001,
    month = jun,
   volume = 372,
    pages = {L53-L56},
      doi = {10.1051/0004-6361:20010607},
   adsurl = {http://cdsads.u-strasbg.fr/abs/2001A%26A...372L..53N},
  adsnote = {Provided by the SAO/NASA Astrophysics Data System}
}
%----------------
@ARTICLE{De_Moortel_2003SoPh,
   author = {{De Moortel}, I. and {Parnell}, C.~E. and {Hood}, A.~W.},
    title = "{Determination of coronal loop properties from trace observations}",
  journal = {\solphys},
     year = 2003,
    month = jul,
   volume = 215,
    pages = {69-86},
      doi = {10.1023/A:1024856300248},
   adsurl = {http://adsabs.harvard.edu/abs/2003SoPh..215...69D},
  adsnote = {Provided by the SAO/NASA Astrophysics Data System}
}
%------------------
@ARTICLE{Scullion2011,
   author = {{Scullion}, E. and {Erd{\'e}lyi}, R. and {Fedun}, V. and {Doyle}, J.~G.
	},
    title = "{The Response of A Three-dimensional Solar Atmosphere to Wave-driven Jets}",
  journal = {\apj},
 keywords = {methods: numerical, methods: observational, Sun: transition region, techniques: image processing, techniques: spectroscopic},
     year = 2011,
    month = dec,
   volume = 743,
      eid = {14},
    pages = {14},
      doi = {10.1088/0004-637X/743/1/14},
   adsurl = {http://adsabs.harvard.edu/abs/2011ApJ...743...14S},
  adsnote = {Provided by the SAO/NASA Astrophysics Data System}
}
%-------------------------
@ARTICLE{Henriques2016,
   author = {{Henriques}, V.~M.~J. and {Kuridze}, D. and {Mathioudakis}, M. and 
	{Keenan}, F.~P.},
    title = "{Quiet-Sun H{$\alpha$} Transients and Corresponding Small-scale Transition Region and Coronal Heating}",
  journal = {\apj},
archivePrefix = "arXiv",
   eprint = {1602.04820},
 primaryClass = "astro-ph.SR",
 keywords = {solar wind, Sun: activity, Sun: chromosphere, Sun: corona, Sun: general, Sun: transition region},
     year = 2016,
    month = apr,
   volume = 820,
      eid = {124},
    pages = {124},
      doi = {10.3847/0004-637X/820/2/124},
   adsurl = {http://adsabs.harvard.edu/abs/2016ApJ...820..124H},
  adsnote = {Provided by the SAO/NASA Astrophysics Data System}
}
%-----------------------------
@book{goedbloed2004principles,
  title={Principles of magnetohydrodynamics: with applications to laboratory and astrophysical plasmas},
  author={Goedbloed, Johan Peter and Poedts, Stefaan},
  year={2004},
  publisher={Cambridge university press}
}
%--------------------------
@ARTICLE{McWhirter1975,
   author = {{McWhirter}, R.~W.~P. and {Thonemann}, P.~C. and {Wilson}, R.
	},
    title = "{The heating of the solar corona. II - A model based on energy balance}",
  journal = {\aap},
 keywords = {Acoustic Attenuation, Astronomical Models, Energy Budgets, Plasma Heating, Solar Corona, Conductive Heat Transfer, Density Distribution, Magnetoacoustic Waves, Radiative Heat Transfer, Solar Magnetic Field, Sound Waves, Temperature Distribution},
     year = 1975,
    month = apr,
   volume = 40,
    pages = {63-73},
   adsurl = {http://adsabs.harvard.edu/abs/1975A%26A....40...63M},
  adsnote = {Provided by the SAO/NASA Astrophysics Data System}
}
@MISC{Griffiths2013,
   author = {{Griffiths}, M. and {Fedun}, V. and {Mumford}, S. and {Gent}, F.
	},
    title = "{SAC: Sheffield Advanced Code}",
 keywords = {Software},
howpublished = {Astrophysics Source Code Library},
     year = 2013,
    month = jun,
archivePrefix = "ascl",
   eprint = {1306.001},
   adsurl = {http://adsabs.harvard.edu/abs/2013ascl.soft06001G},
  adsnote = {Provided by the SAO/NASA Astrophysics Data System}
}

@ARTICLE{Rouppe2013ApJ77656R,
       author = {{Rouppe van der Voort}, L. and {de la Cruz Rodr{\'\i}guez}, J.},
        title = "{Short Dynamic Fibrils in Sunspot Chromospheres}",
      journal = {\apj},
     keywords = {Sun: atmosphere, Sun: chromosphere, Sun: oscillations, sunspots, Astrophysics - Solar and Stellar Astrophysics},
         year = 2013,
        month = oct,
       volume = {776},
       number = {1},
          eid = {56},
        pages = {56},
          doi = {10.1088/0004-637X/776/1/56},
archivePrefix = {arXiv},
       eprint = {1308.3893},
 primaryClass = {astro-ph.SR},
       adsurl = {https://ui.adsabs.harvard.edu/abs/2013ApJ...776...56R},
      adsnote = {Provided by the SAO/NASA Astrophysics Data System}
}


@ARTICLE{Gafeira2017ApJS2296G,
       author = {{Gafeira}, R. and {Lagg}, A. and {Solanki}, S.~K. and {Jafarzadeh}, S. and
         {van Noort}, M. and {Barthol}, P. and {Blanco Rodr{\'\i}guez}, J. and
         {del Toro Iniesta}, J.~C. and {Gandorfer}, A. and {Gizon}, L. and
         {Hirzberger}, J. and {Kn{\"o}lker}, M. and {Orozco Su{\'a}rez}, D. and
         {Riethm{\"u}ller}, T.~L. and {Schmidt}, W.},
        title = "{Morphological Properties of Slender Ca II H Fibrils Observed by SUNRISE II}",
      journal = {\apjs},
     keywords = {Sun: chromosphere, Sun: magnetic fields, techniques: imaging spectroscopy, Astrophysics - Solar and Stellar Astrophysics},
         year = 2017,
        month = mar,
       volume = {229},
       number = {1},
          eid = {6},
        pages = {6},
          doi = {10.3847/1538-4365/229/1/6},
archivePrefix = {arXiv},
       eprint = {1612.00319},
 primaryClass = {astro-ph.SR},
       adsurl = {https://ui.adsabs.harvard.edu/abs/2017ApJS..229....6G},
      adsnote = {Provided by the SAO/NASA Astrophysics Data System}
}

@ARTICLE{Yamauchi2005ApJ629572Y,
       author = {{Yamauchi}, Y. and {Wang}, H. and {Jiang}, Y. and {Schwadron}, N. and
         {Moore}, R.~L.},
        title = "{Study of H{\ensuremath{\alpha}} Macrospicules in Coronal Holes: Magnetic Structure and Evolution in Relation to Photospheric Magnetic Setting}",
      journal = {\apj},
     keywords = {Sun: Chromosphere, Sun: Corona, Sun: Magnetic Fields},
         year = 2005,
        month = aug,
       volume = {629},
       number = {1},
        pages = {572-581},
          doi = {10.1086/431664},
       adsurl = {https://ui.adsabs.harvard.edu/abs/2005ApJ...629..572Y},
      adsnote = {Provided by the SAO/NASA Astrophysics Data System}
}

@ARTICLE{Moreno2008ApJ673L211M,
       author = {{Moreno-Insertis}, F. and {Galsgaard}, K. and {Ugarte-Urra}, I.},
        title = "{Jets in Coronal Holes: Hinode Observations and Three-dimensional Computer Modeling}",
      journal = {\apjl},
     keywords = {MHD, Sun: corona, Sun: flares, Sun: magnetic fields, Sun: X-rays, gamma rays, Astrophysics},
         year = 2008,
        month = feb,
       volume = {673},
       number = {2},
        pages = {L211},
          doi = {10.1086/527560},
archivePrefix = {arXiv},
       eprint = {0712.1059},
 primaryClass = {astro-ph},
       adsurl = {https://ui.adsabs.harvard.edu/abs/2008ApJ...673L.211M},
      adsnote = {Provided by the SAO/NASA Astrophysics Data System}
}

@ARTICLE{Young2015ApJ801124Y,
       author = {{Young}, Peter R.},
        title = "{Dark Jets in Solar Coronal Holes}",
      journal = {\apj},
     keywords = {solar wind, Sun: corona, Sun: UV radiation, techniques: spectroscopic, Astrophysics - Solar and Stellar Astrophysics},
         year = 2015,
        month = mar,
       volume = {801},
       number = {2},
          eid = {124},
        pages = {124},
          doi = {10.1088/0004-637X/801/2/124},
archivePrefix = {arXiv},
       eprint = {1501.02751},
 primaryClass = {astro-ph.SR},
       adsurl = {https://ui.adsabs.harvard.edu/abs/2015ApJ...801..124Y},
      adsnote = {Provided by the SAO/NASA Astrophysics Data System}
}