
@Article{2015,
  Title                    = {{CRISPRED: A data pipeline for the CRISP imaging spectropolarimeter}},
  Author                   = {{de la Cruz Rodr{\'{\i}}guez}, J. and {L{\"o}fdahl}, M.~G. and {S{\"u}tterlin}, P. and {Hillberg}, T. and {Rouppe van der Voort}, L. },
  Journal                  = {A\&A},
  Year                     = {2015},

  Month                    = jan,
  Pages                    = {A40},
  Volume                   = {573},

  Adsnote                  = {Provided by the SAO/NASA Astrophysics Data System},
  Adsurl                   = {http://adsabs.harvard.edu/abs/2015A%26A...573A..40D},
  Archiveprefix            = {arXiv},
  Doi                      = {10.1051/0004-6361/201424319},
  Eid                      = {A40},
  Eprint                   = {1406.0202},
  Keywords                 = {techniques: imaging spectroscopy, techniques: image processing, instrumentation: high angular resolution, instrumentation: polarimeters},
  Primaryclass             = {astro-ph.SR}
}

@ARTICLE{Abbasvand2015arXiv150707393A,
       author = {{Abbasvand}, V. and {Ebadi}, H. and {Fazel}, Z.},
        title = "{Seismology of solar spicules based on Hinode/SOT observations}",
      journal = {arXiv e-prints},
     keywords = {Astrophysics - Solar and Stellar Astrophysics, Astrophysics - Astrophysics of Galaxies},
         year = 2015,
        month = jul,
          eid = {arXiv:1507.07393},
        pages = {arXiv:1507.07393},
archivePrefix = {arXiv},
       eprint = {1507.07393},
 primaryClass = {astro-ph.SR},
       adsurl = {https://ui.adsabs.harvard.edu/abs/2015arXiv150707393A},
      adsnote = {Provided by the SAO/NASA Astrophysics Data System}
}

@ARTICLE{andries2005,
       author = {{Andries}, Jesse and {Arregui}, Inigo and {Goossens}, Marcel},
        title = "{Determination of the Coronal Density Stratification from the Observation of Harmonic Coronal Loop Oscillations}",
      journal = {\apjl},
     keywords = {Sun: Corona, Sun: Magnetic Fields, Sun: Oscillations},
         year = 2005,
        month = may,
       volume = {624},
       number = {1},
        pages = {L57-L60},
          doi = {10.1086/430347},
       adsurl = {https://ui.adsabs.harvard.edu/abs/2005ApJ...624L..57A},
      adsnote = {Provided by the SAO/NASA Astrophysics Data System}
}

@ARTICLE{andries2009,
       author = {{Andries}, J. and {van Doorsselaere}, T. and {Roberts}, B. and
         {Verth}, G. and {Verwichte}, E. and {Erd{\'e}lyi}, R.},
        title = "{Coronal Seismology by Means of Kink Oscillation Overtones}",
      journal = {\ssr},
     keywords = {Magnetohydrodynamics (MHD), Waves, Sun-corona, Sun-magnetic fields, Sun-oscillations},
         year = 2009,
        month = dec,
       volume = {149},
       number = {1-4},
        pages = {3-29},
          doi = {10.1007/s11214-009-9561-2},
       adsurl = {https://ui.adsabs.harvard.edu/abs/2009SSRv..149....3A},
      adsnote = {Provided by the SAO/NASA Astrophysics Data System}
}

@ARTICLE{Aschwanden2002SoPh20699A,
       author = {{Aschwanden}, Markus J. and {de Pontieu}, Bart and {Schrijver}, Carolus J. and {Title}, Alan M.},
        title = "{Transverse Oscillations in Coronal Loops Observed with TRACE   II. Measurements of Geometric and Physical Parameters}",
      journal = {\solphys},
         year = 2002,
        month = mar,
       volume = {206},
       number = {1},
        pages = {99-132},
          doi = {10.1023/A:1014916701283},
       adsurl = {https://ui.adsabs.harvard.edu/abs/2002SoPh..206...99A},
      adsnote = {Provided by the SAO/NASA Astrophysics Data System}
}

@ARTICLE{Aschwanden1999ApJ520880A,
       author = {{Aschwanden}, Markus J. and {Fletcher}, Lyndsay and {Schrijver}, Carolus J. and {Alexander}, David},
        title = "{Coronal Loop Oscillations Observed with the Transition Region and Coronal Explorer}",
      journal = {\apj},
     keywords = {SUN: CORONA, SUN: FLARES, SUN: OSCILLATIONS, SUN: UV RADIATION, Sun: Corona, Sun: Flares, Sun: Oscillations, Sun: UV Radiation},
         year = 1999,
        month = aug,
       volume = {520},
       number = {2},
        pages = {880-894},
          doi = {10.1086/307502},
       adsurl = {https://ui.adsabs.harvard.edu/abs/1999ApJ...520..880A},
      adsnote = {Provided by the SAO/NASA Astrophysics Data System}
}


@ARTICLE{Beckers1972ARAA1073B,
       author = {{Beckers}, Jacques M.},
        title = "{Solar Spicules}",
      journal = {\araa},
         year = 1972,
        month = jan,
       volume = {10},
        pages = {73},
          doi = {10.1146/annurev.aa.10.090172.000445},
       adsurl = {https://ui.adsabs.harvard.edu/abs/1972ARA&A..10...73B},
      adsnote = {Provided by the SAO/NASA Astrophysics Data System}
}

@article{CADA2009,
author = {{\v{C}}ada, Miroslav and Torrilhon, Manuel},
doi = {https://doi.org/10.1016/j.jcp.2009.02.020},
issn = {0021-9991},
journal = {Journal of Computational Physics},
keywords = { Conservation laws, Finite volume methods, High-order accuracy, Non-linear and non-polynomial limiter, Shock capturing,Numerical methods},
number = {11},
pages = {4118--4145},
title = {{Compact third-order limiter functions for finite volume methods}},
url = {http://www.sciencedirect.com/science/article/pii/S0021999109000953},
volume = {228},
year = {2009}
}

@ARTICLE{centeno2010,
       author = {{Centeno}, Rebecca and {Trujillo Bueno}, Javier and
         {Asensio Ramos}, Andr{\'e}s},
        title = "{On the Magnetic Field of Off-limb Spicules}",
      journal = {\apj},
     keywords = {Sun: chromosphere, Sun: magnetic fields, techniques: polarimetric, Astrophysics - Solar and Stellar Astrophysics},
         year = 2010,
        month = jan,
       volume = {708},
       number = {2},
        pages = {1579-1584},
          doi = {10.1088/0004-637X/708/2/1579},
archivePrefix = {arXiv},
       eprint = {0911.3149},
 primaryClass = {astro-ph.SR},
       adsurl = {https://ui.adsabs.harvard.edu/abs/2010ApJ...708.1579C},
      adsnote = {Provided by the SAO/NASA Astrophysics Data System}
}

@ARTICLE{Chandrashekhar2014AA562A98C,
       author = {{Chandrashekhar}, K. and {Morton}, R.~J. and {Banerjee}, D. and
         {Gupta}, G.~R.},
        title = "{The dynamical behaviour of a jet in an on-disk coronal hole observed with AIA/SDO}",
      journal = {\aap},
     keywords = {Sun: corona, Sun: magnetic fields, Sun: oscillations, magnetohydrodynamics (MHD), Sun: activity, Astrophysics - Solar and Stellar Astrophysics},
         year = 2014,
        month = feb,
       volume = {562},
          eid = {A98},
        pages = {A98},
          doi = {10.1051/0004-6361/201322408},
archivePrefix = {arXiv},
       eprint = {1310.7853},
 primaryClass = {astro-ph.SR},
       adsurl = {https://ui.adsabs.harvard.edu/abs/2014A&A...562A..98C},
      adsnote = {Provided by the SAO/NASA Astrophysics Data System}
}

@ARTICLE{Chen2017ApJ84054C,
       author = {{Chen}, Jie and {Su}, Jiangtao and {Deng}, Yuanyong and {Priest}, E.~R.},
        title = "{A Complex Solar Coronal Jet with Two Phases}",
      journal = {\apj},
     keywords = {magnetic reconnection, magnetohydrodynamics: MHD, Sun: activity, Sun: corona, Sun: magnetic fields, Astrophysics - Solar and Stellar Astrophysics},
         year = 2017,
        month = may,
       volume = {840},
       number = {1},
          eid = {54},
        pages = {54},
          doi = {10.3847/1538-4357/aa6c59},
archivePrefix = {arXiv},
       eprint = {1704.02072},
 primaryClass = {astro-ph.SR},
       adsurl = {https://ui.adsabs.harvard.edu/abs/2017ApJ...840...54C},
      adsnote = {Provided by the SAO/NASA Astrophysics Data System}
}

@ARTICLE{Chen2015ApJ81571C,
       author = {{Chen}, Jie and {Su}, Jiangtao and {Yin}, Zhiqiang and {Priya}, T.~G. and {Zhang}, Hongqi and {Liu}, Jihong and {Xu}, Haiqing and {Yu}, Sijie},
        title = "{Recurrent Solar Jets Induced by a Satellite Spot and Moving Magnetic Features}",
      journal = {\apj},
     keywords = {magnetic reconnection, Sun: activity, Sun: atmosphere, Sun: magnetic fields},
         year = 2015,
        month = dec,
       volume = {815},
       number = {1},
          eid = {71},
        pages = {71},
          doi = {10.1088/0004-637X/815/1/71},
       adsurl = {https://ui.adsabs.harvard.edu/abs/2015ApJ...815...71C},
      adsnote = {Provided by the SAO/NASA Astrophysics Data System}
}

@ARTICLE{Drake2006Natur443553D,
       author = {{Drake}, J.~F. and {Swisdak}, M. and {Che}, H. and {Shay}, M.~A.},
        title = "{Electron acceleration from contracting magnetic islands during reconnection}",
      journal = {\nat},
         year = 2006,
        month = oct,
       volume = {443},
       number = {7111},
        pages = {553-556},
          doi = {10.1038/nature05116},
       adsurl = {https://ui.adsabs.harvard.edu/abs/2006Natur.443..553D},
      adsnote = {Provided by the SAO/NASA Astrophysics Data System}
}

@article{DEDNER2002645,
author = {Dedner, A and Kemm, F and Kr{\"{o}}ner, D and Munz, C.-D. and Schnitzer, T and Wesenberg, M},
doi = {https://doi.org/10.1006/jcph.2001.6961},
issn = {0021-9991},
journal = {Journal of Computational Physics},
number = {2},
pages = {645--673},
title = {{Hyperbolic Divergence Cleaning for the MHD Equations}},
url = {http://www.sciencedirect.com/science/article/pii/S002199910196961X},
volume = {175},
year = {2002}
}

@Article{DePontieu2007,
  Title                    = {{Chromospheric Alfv{\'e}nic Waves Strong Enough to Power the Solar Wind}},
  Author                   = {{De Pontieu}, B. and {McIntosh}, S.~W. and {Carlsson}, M. and {Hansteen}, V.~H. and {Tarbell}, T.~D. and {Schrijver}, C.~J. and {Title}, A.~M. and {Shine}, R.~A. and {Tsuneta}, S. and {Katsukawa}, Y. and {Ichimoto}, K. and {Suematsu}, Y. and {Shimizu}, T. and {Nagata}, S. },
  Journal                  = {Science},
  Year                     = {2007},

  Month                    = dec,
  Pages                    = {1574},
  Volume                   = {318},

  Adsnote                  = {Provided by the SAO/NASA Astrophysics Data System},
  Adsurl                   = {http://adsabs.harvard.edu/abs/2007Sci...318.1574D},
  Doi                      = {10.1126/science.1151747}
}

@Article{DePontieu2012,
  Title                    = {{Ubiquitous Torsional Motions in Type II Spicules}},
  Author                   = {{De Pontieu}, B. and {Carlsson}, M. and {Rouppe van der Voort}, L.~H.~M. and {Rutten}, R.~J. and {Hansteen}, V.~H. and {Watanabe}, H.},
  Journal                  = {ApJL},
  Year                     = {2012},

  Month                    = jun,
  Pages                    = {L12},
  Volume                   = {752},

  Adsnote                  = {Provided by the SAO/NASA Astrophysics Data System},
  Adsurl                   = {http://adsabs.harvard.edu/abs/2012ApJ...752L..12D},
  Archiveprefix            = {arXiv},
  Doi                      = {10.1088/2041-8205/752/1/L12},
  Eid                      = {L12},
  Eprint                   = {1205.5006},
  Keywords                 = {Sun: chromosphere, Sun: corona, Sun: magnetic topology, Sun: oscillations},
  Owner                    = {Rahul},
  Primaryclass             = {astro-ph.SR},
  Timestamp                = {2016.04.15}
}

@Article{Ebadi2014,
  Title                    = {{Observation of kink waves and their reconnection-like origin in solar spicules}},
  Author                   = {{Ebadi}, H. and {Ghiassi}, M.},
  Journal                  = {Ap\&SS},
  Year                     = {2014},

  Month                    = sep,
  Pages                    = {31-36},
  Volume                   = {353},

  Adsnote                  = {Provided by the SAO/NASA Astrophysics Data System},
  Adsurl                   = {http://adsabs.harvard.edu/abs/2014Ap%26SS.353...31E},
  Archiveprefix            = {arXiv},
  Doi                      = {10.1007/s10509-014-2020-x},
  Eprint                   = {1406.4661},
  Keywords                 = {Sun: spicules, Kink waves, Magnetic reconnection},
  Primaryclass             = {astro-ph.SR}
}

@ARTICLE{duckenfield2019,
       author = {{Duckenfield}, T.~J. and {Goddard}, C.~R. and {Pascoe}, D.~J. and
         {Nakariakov}, V.~M.},
        title = "{Observational signatures of the third harmonic in a decaying kink oscillation of a coronal loop}",
      journal = {\aap},
     keywords = {magnetohydrodynamics (MHD), Sun: corona, Sun: magnetic fields, Sun: oscillations, waves},
         year = 2019,
        month = dec,
       volume = {632},
          eid = {A64},
        pages = {A64},
          doi = {10.1051/0004-6361/201936822},
       adsurl = {https://ui.adsabs.harvard.edu/abs/2019A&A...632A..64D},
      adsnote = {Provided by the SAO/NASA Astrophysics Data System}
}


@article{Edgington_Mitchell2014,
author = {Edgington-Mitchell, Daniel and Honnery, Damon R. and Soria, Julio},
doi = {10.1063/1.4894741},
issn = {10897666},
journal = {Physics of Fluids},
keywords = {Mach number,flow visualisation,jets,nozzles,shear turbulence,shock waves,slip flow,vortices},
month = {sep},
number = {9},
pages = {096101},
publisher = {American Institute of Physics Inc.},
title = {{The underexpanded jet Mach disk and its associated shear layer}},
url = {http://aip.scitation.org/doi/10.1063/1.4894741},
volume = {26},
year = {2014}
}

@Article{Gafeira2017,
  Title                    = {{Oscillations on Width and Intensity of Slender Ca ii H Fibrils from Sunrise/SuFI}},
  Author                   = {{Gafeira}, R. and {Jafarzadeh}, S. and {Solanki}, S.~K. and {Lagg}, A. and {van Noort}, M. and {Barthol}, P. and {Blanco Rodr{\'{\i}}guez}, J. and {del Toro Iniesta}, J.~C. and {Gandorfer}, A. and {Gizon}, L. and {Hirzberger}, J. and {Kn{\"o}lker}, M. and {Orozco Su{\'a}rez}, D. and {Riethm{\"u}ller}, T.~L. and {Schmidt}, W.},
  Journal                  = {ApJS},
  Year                     = {2017},

  Month                    = mar,
  Pages                    = {7},
  Volume                   = {229},

  Adsnote                  = {Provided by the SAO/NASA Astrophysics Data System},
  Adsurl                   = {http://adsabs.harvard.edu/abs/2017ApJS..229....7G},
  Archiveprefix            = {arXiv},
  Doi                      = {10.3847/1538-4365/229/1/7},
  Eid                      = {7},
  Eprint                   = {1701.02801},
  Keywords                 = {Sun: chromosphere, Sun: magnetic fields, Sun: oscillations, techniques: imaging spectroscopy},
  Primaryclass             = {astro-ph.SR}
}

@Article{Goossens2014,
  Title                    = {{The Transverse and Rotational Motions of Magnetohydrodynamic Kink Waves in the Solar Atmosphere}},
  Author                   = {{Goossens}, M. and {Soler}, R. and {Terradas}, J. and {Van Doorsselaere}, T. and {Verth}, G.},
  Journal                  = {ApJ},
  Year                     = {2014},

  Month                    = jun,
  Pages                    = {9},
  Volume                   = {788},

  Adsnote                  = {Provided by the SAO/NASA Astrophysics Data System},
  Adsurl                   = {http://adsabs.harvard.edu/abs/2014ApJ...788....9G},
  Doi                      = {10.1088/0004-637X/788/1/9},
  Eid                      = {9},
  Keywords                 = {magnetohydrodynamics: MHD, Sun: chromosphere, Sun: corona, Sun: oscillations }
}

@ARTICLE{guo2015,
       author = {{Guo}, Y. and {Erd{\'e}lyi}, R. and {Srivastava}, A.~K. and {Hao}, Q. and
         {Cheng}, X. and {Chen}, P.~F. and {Ding}, M.~D. and {Dwivedi}, B.~N.},
        title = "{Magnetohydrodynamic Seismology of a Coronal Loop System by the First Two Modes of Standing Kink Waves}",
      journal = {\apj},
     keywords = {Sun: corona, Sun: magnetic fields, Sun: oscillations, Astrophysics - Solar and Stellar Astrophysics},
         year = 2015,
        month = feb,
       volume = {799},
       number = {2},
          eid = {151},
        pages = {151},
          doi = {10.1088/0004-637X/799/2/151},
archivePrefix = {arXiv},
       eprint = {1411.7095},
 primaryClass = {astro-ph.SR},
       adsurl = {https://ui.adsabs.harvard.edu/abs/2015ApJ...799..151G},
      adsnote = {Provided by the SAO/NASA Astrophysics Data System}
}


@ARTICLE{Howard2008SSRv13667H,
       author = {{Howard}, R.~A. and {Moses}, J.~D. and {Vourlidas}, A. and {Newmark}, J.~S. and {Socker}, D.~G. and {Plunkett}, S.~P. and {Korendyke}, C.~M. and {Cook}, J.~W. and {Hurley}, A. and {Davila}, J.~M. and {Thompson}, W.~T. and {St Cyr}, O.~C. and {Mentzell}, E. and {Mehalick}, K. and {Lemen}, J.~R. and {Wuelser}, J.~P. and {Duncan}, D.~W. and {Tarbell}, T.~D. and {Wolfson}, C.~J. and {Moore}, A. and {Harrison}, R.~A. and {Waltham}, N.~R. and {Lang}, J. and {Davis}, C.~J. and {Eyles}, C.~J. and {Mapson-Menard}, H. and {Simnett}, G.~M. and {Halain}, J.~P. and {Defise}, J.~M. and {Mazy}, E. and {Rochus}, P. and {Mercier}, R. and {Ravet}, M.~F. and {Delmotte}, F. and {Auchere}, F. and {Delaboudiniere}, J.~P. and {Bothmer}, V. and {Deutsch}, W. and {Wang}, D. and {Rich}, N. and {Cooper}, S. and {Stephens}, V. and {Maahs}, G. and {Baugh}, R. and {McMullin}, D. and {Carter}, T.},
        title = "{Sun Earth Connection Coronal and Heliospheric Investigation (SECCHI)}",
      journal = {\ssr},
     keywords = {Solar corona, Lyot coronagraph, XUV heliograph, Heliospheric imager, Coronal loops, Coronal mass ejections, Stereo, Heliosphere},
         year = 2008,
        month = apr,
       volume = {136},
       number = {1-4},
        pages = {67-115},
          doi = {10.1007/s11214-008-9341-4},
       adsurl = {https://ui.adsabs.harvard.edu/abs/2008SSRv..136...67H},
      adsnote = {Provided by the SAO/NASA Astrophysics Data System}
}


@article{hll_1983,
author = {Harten, Amiram. and Lax, Peter D and van. Leer, Bram},
doi = {10.1137/1025002},
journal = {SIAM Review},
number = {1},
pages = {35--61},
title = {{On Upstream Differencing and Godunov-Type Schemes for Hyperbolic Conservation Laws}},
url = {https://doi.org/10.1137/1025002},
volume = {25},
year = {1983}
}

@ARTICLE{Kaiser2005AdSpR361483K,
       author = {{Kaiser}, M.~L.},
        title = "{The STEREO mission: an overview}",
      journal = {Advances in Space Research},
         year = 2005,
        month = jan,
       volume = {36},
       number = {8},
        pages = {1483-1488},
          doi = {10.1016/j.asr.2004.12.066},
       adsurl = {https://ui.adsabs.harvard.edu/abs/2005AdSpR..36.1483K},
      adsnote = {Provided by the SAO/NASA Astrophysics Data System}
}

@ARTICLE{Keppens_2012,
   author = {{Keppens}, R. and {Meliani}, Z. and {van Marle}, A.~J. and {Delmont}, P. and 
	{Vlasis}, A. and {van der Holst}, B.},
    title = "{Parallel, grid-adaptive approaches for relativistic hydro and magnetohydrodynamics}",
  journal = {Journal of Computational Physics},
     year = 2012,
    month = feb,
   volume = 231,
    pages = {718-744},
      doi = {10.1016/j.jcp.2011.01.020},
   adsurl = {http://adsabs.harvard.edu/abs/2012JCoPh.231..718K},
  adsnote = {Provided by the SAO/NASA Astrophysics Data System}
}

@Article{Kukhianidze2006,
  Title                    = {{Observation of kink waves in solar spicules}},
  Author                   = {{Kukhianidze}, V. and {Zaqarashvili}, T.~V. and {Khutsishvili}, E.},
  Journal                  = {A\&A},
  Year                     = {2006},

  Month                    = apr,
  Pages                    = {L35-L38},
  Volume                   = {449},

  Adsnote                  = {Provided by the SAO/NASA Astrophysics Data System},
  Adsurl                   = {http://adsabs.harvard.edu/abs/2006A%26A...449L..35K},
  Doi                      = {10.1051/0004-6361:200600018},
  Eprint                   = {astro-ph/0602534},
  Keywords                 = {Sun: chromosphere, Sun: oscillations}
}

@Article{Kuridze2012,
  Title                    = {{Transverse Oscillations in Chromospheric Mottles}},
  Author                   = {{Kuridze}, D. and {Morton}, R.~J. and {Erd{\'e}lyi}, R. and {Dorrian}, G.~D. and {Mathioudakis}, M. and {Jess}, D.~B. and {Keenan}, F.~P.},
  Journal                  = {ApJ},
  Year                     = {2012},

  Month                    = may,
  Pages                    = {51},
  Volume                   = {750},

  Adsnote                  = {Provided by the SAO/NASA Astrophysics Data System},
  Adsurl                   = {http://adsabs.harvard.edu/abs/2012ApJ...750...51K},
  Archiveprefix            = {arXiv},
  Doi                      = {10.1088/0004-637X/750/1/51},
  Eid                      = {51},
  Eprint                   = {1202.5697},
  Keywords                 = {magnetohydrodynamics: MHD, Sun: atmosphere, Sun: chromosphere, Sun: oscillations, magnetic fields, waves},
  Primaryclass             = {astro-ph.SR}
}

@Article{Kuridze2013,
  Title                    = {{Characteristics of Transverse Waves in Chromospheric Mottles}},
  Author                   = {{Kuridze}, D. and {Verth}, G. and {Mathioudakis}, M. and {Erd{\'e}lyi}, R. and {Jess}, D.~B. and {Morton}, R.~J. and {Christian}, D.~J. and {Keenan}, F.~P.},
  Journal                  = {ApJ},
  Year                     = {2013},

  Month                    = dec,
  Pages                    = {82},
  Volume                   = {779},

  Adsnote                  = {Provided by the SAO/NASA Astrophysics Data System},
  Adsurl                   = {http://adsabs.harvard.edu/abs/2013ApJ...779...82K},
  Archiveprefix            = {arXiv},
  Doi                      = {10.1088/0004-637X/779/1/82},
  Eid                      = {82},
  Eprint                   = {1310.3628},
  Keywords                 = {magnetohydrodynamics: MHD, Sun: atmosphere, Sun: chromosphere, Sun: magnetic fields, Sun: oscillations },
  Primaryclass             = {astro-ph.SR}
}

@ARTICLE{Leenaarts2007AA473625L,
       author = {{Leenaarts}, J. and {Carlsson}, M. and {Hansteen}, V. and {Rutten}, R.~J.},
        title = "{Non-equilibrium hydrogen ionization in 2D simulations of the solar atmosphere}",
      journal = {\aap},
     keywords = {Sun: atmosphere, radiative transfer, magnetohydrodynamics (MHD), Astrophysics},
         year = 2007,
        month = oct,
       volume = {473},
       number = {2},
        pages = {625-632},
          doi = {10.1051/0004-6361:20078161},
archivePrefix = {arXiv},
       eprint = {0709.3751},
 primaryClass = {astro-ph},
       adsurl = {https://ui.adsabs.harvard.edu/abs/2007A&A...473..625L},
      adsnote = {Provided by the SAO/NASA Astrophysics Data System}
}


@INPROCEEDINGS{Matthews2016SPIE9908E09M,
       author = {{Matthews}, Sarah A. and {Collados}, Manuel and {Mathioudakis}, Mihalis and
         {Erdelyi}, Robertus},
        title = "{The European Solar Telescope (EST)}",
    booktitle = {\procspie},
         year = 2016,
       series = {Society of Photo-Optical Instrumentation Engineers (SPIE) Conference Series},
       volume = {9908},
        month = aug,
          eid = {990809},
        pages = {990809},
          doi = {10.1117/12.2234145},
       adsurl = {https://ui.adsabs.harvard.edu/abs/2016SPIE.9908E..09M},
      adsnote = {Provided by the SAO/NASA Astrophysics Data System}
}


@ARTICLE{Menon2010ShWav20175M,
       author = {{Menon}, Nandkishore and {Skews}, Beric William},
        title = "{Shock wave configurations and flow structures in non-axisymmetric underexpanded sonic jets}",
      journal = {Shock Waves},
     keywords = {Jets, Underexpansion, Sonic jets},
         year = 2010,
        month = jun,
       volume = {20},
       number = {3},
        pages = {175-190},
          doi = {10.1007/s00193-010-0257-z},
       adsurl = {https://ui.adsabs.harvard.edu/abs/2010ShWav..20..175M},
      adsnote = {Provided by the SAO/NASA Astrophysics Data System}
}

@Article{Morton2012,
  Title                    = {{Observations of ubiquitous compressive waves in the Sun's chromosphere}},
  Author                   = {{Morton}, R.~J. and {Verth}, G. and {Jess}, D.~B. and {Kuridze}, D. and {Ruderman}, M.~S. and {Mathioudakis}, M. and {Erd{\'e}lyi}, R.},
  Journal                  = {Nature Communications},
  Year                     = {2012},

  Month                    = dec,
  Pages                    = {1315},
  Volume                   = {3},

  Adsnote                  = {Provided by the SAO/NASA Astrophysics Data System},
  Adsurl                   = {http://adsabs.harvard.edu/abs/2012NatCo...3E1315M},
  Archiveprefix            = {arXiv},
  Doi                      = {10.1038/ncomms2324},
  Eid                      = {1315},
  Eprint                   = {1306.4124},
  Primaryclass             = {astro-ph.SR}
}

@ARTICLE{Merkulenko1988AA201131M,
       author = {{Merkulenko}, V.~E. and {Mishina}, M.~I. and {Iazev}, S.~A.},
        title = "{The observation of the low-frequency component of oscillations in the sun's chromosphere}",
      journal = {\aap},
     keywords = {Chromosphere, Periodic Variations, Solar Atmosphere, Solar Oscillations, H Alpha Line, H Beta Line, Magnetohydrodynamic Waves, Solar Magnetic Field, Solar Physics},
         year = 1988,
        month = jul,
       volume = {201},
       number = {1},
        pages = {131-137},
       adsurl = {https://ui.adsabs.harvard.edu/abs/1988A&A...201..131M},
      adsnote = {Provided by the SAO/NASA Astrophysics Data System}
}

@ARTICLE{Morton2012ApJ7445M,
       author = {{Morton}, R.~J. and {Verth}, G. and {McLaughlin}, J.~A. and
         {Erd{\'e}lyi}, R.},
        title = "{Determination of Sub-resolution Structure of a Jet by Solar Magnetoseismology}",
      journal = {\apj},
     keywords = {magnetic fields, magnetohydrodynamics: MHD, plasmas, Sun: oscillations, Astrophysics - Solar and Stellar Astrophysics},
         year = 2012,
        month = jan,
       volume = {744},
       number = {1},
          eid = {5},
        pages = {5},
          doi = {10.1088/0004-637X/744/1/5},
archivePrefix = {arXiv},
       eprint = {1109.4851},
 primaryClass = {astro-ph.SR},
       adsurl = {https://ui.adsabs.harvard.edu/abs/2012ApJ...744....5M},
      adsnote = {Provided by the SAO/NASA Astrophysics Data System}
}

@Article{Narayanan1991,
  author    = {A S Narayanan},
  title     = {Hydromagnetic surface waves in compressible moving cylindrical flux tubes},
  journal   = {Plasma Physics and Controlled Fusion},
  year      = {1991},
  volume    = {33},
  number    = {4},
  pages     = {333--338},
  month     = {apr},
  abstract  = {The dispersive characteristics of hydromagnetic surface waves along the boundary of a moving compressible cylindrical plasma column of radius 'a' surrounded by a compressible stationary column are studied.},
  doi       = {10.1088/0741-3335/33/4/005},
  publisher = {{IOP} Publishing},
  url       = {https://doi.org/10.1088%2F0741-3335%2F33%2F4%2F005},
}

@ARTICLE{nakariakov1995,
       author = {{Nakariakov}, V.~M. and {Roberts}, B.},
        title = "{Magnetosonic Waves in Structured Atmospheres with Steady Flows, I}",
      journal = {\solphys},
         year = 1995,
        month = jul,
       volume = {159},
       number = {2},
        pages = {213-228},
          doi = {10.1007/BF00686530},
       adsurl = {https://ui.adsabs.harvard.edu/abs/1995SoPh..159..213N},
      adsnote = {Provided by the SAO/NASA Astrophysics Data System}
}

@ARTICLE{Nakariakov2001AA372L53N,
       author = {{Nakariakov}, V.~M. and {Ofman}, L.},
        title = "{Determination of the coronal magnetic field by coronal loop oscillations}",
      journal = {\aap},
     keywords = {MAGNETOHYDRODYNAMICS (MHD), WAVES, SUN: CORONA, SUN: ACTIVITY, SUN: OSCILLATIONS, SUN: UV RADIATION},
         year = 2001,
        month = jun,
       volume = {372},
        pages = {L53-L56},
          doi = {10.1051/0004-6361:20010607},
       adsurl = {https://ui.adsabs.harvard.edu/abs/2001A&A...372L..53N},
      adsnote = {Provided by the SAO/NASA Astrophysics Data System}
}

@ARTICLE{Nakariakov2003AA412L7N,
       author = {{Nakariakov}, V.~M. and {Melnikov}, V.~F. and {Reznikova}, V.~E.},
        title = "{Global sausage modes of coronal loops}",
      journal = {\aap},
     keywords = {magnetohydrodynamics (MHD), waves, Sun: activity, Sun: corona, Sun: oscillations, Sun: radio pulsations},
         year = 2003,
        month = dec,
       volume = {412},
        pages = {L7-L10},
          doi = {10.1051/0004-6361:20031660},
       adsurl = {https://ui.adsabs.harvard.edu/abs/2003A&A...412L...7N},
      adsnote = {Provided by the SAO/NASA Astrophysics Data System}
}

@ARTICLE{Norman1982,
       author = {{Norman}, M.~L. and {Winkler}, K. -H.~A. and {Smarr}, L. and
         {Smith}, M.~D.},
        title = "{Structure and dynamics of supersonic jets.}",
      journal = {\aap},
     keywords = {Gas Dynamics, Kelvin-Helmholtz Instability, Plasma Jets, Radio Galaxies, Supersonic Jet Flow, Beam Interactions, Galactic Structure, Internal Waves, Jet Boundaries, Numerical Flow Visualization, Oblique Shock Waves, Radio Emission, Taylor Instability, Vortex Sheets, Astrophysics},
         year = "1982",
        month = "Sep",
       volume = {113},
        pages = {285-302},
       adsurl = {https://ui.adsabs.harvard.edu/abs/1982A&A...113..285N},
      adsnote = {Provided by the SAO/NASA Astrophysics Data System}
}

@ARTICLE{Nishikawa1988PASJ40613N,
       author = {{Nishikawa}, Takara},
        title = "{Spicule observations with high spatial resolution}",
      journal = {\pasj},
     keywords = {Chromosphere, Solar Activity, Spicules, H Alpha Line, Spatial Resolution, Vertical Motion, Solar Physics},
         year = 1988,
        month = jan,
       volume = {40},
       number = {5},
        pages = {613-625},
       adsurl = {https://ui.adsabs.harvard.edu/abs/1988PASJ...40..613N},
      adsnote = {Provided by the SAO/NASA Astrophysics Data System}
}

@Article{Jess2012,
  Title                    = {{The Origin of Type I Spicule Oscillations}},
  Author                   = {{Jess}, D.~B. and {Pascoe}, D.~J. and {Christian}, D.~J. and {Mathioudakis}, M. and {Keys}, P.~H. and {Keenan}, F.~P.},
  Journal                  = {ApJL},
  Year                     = {2012},

  Month                    = jan,
  Pages                    = {L5},
  Volume                   = {744},

  Adsnote                  = {Provided by the SAO/NASA Astrophysics Data System},
  Adsurl                   = {http://adsabs.harvard.edu/abs/2012ApJ...744L...5J},
  Archiveprefix            = {arXiv},
  Doi                      = {10.1088/2041-8205/744/1/L5},
  Eid                      = {L5},
  Eprint                   = {1111.5464},
  Keywords                 = {magnetohydrodynamics: MHD, methods: numerical, Sun: atmosphere, Sun: chromosphere, Sun: oscillations, Sun: photosphere},
  Primaryclass             = {astro-ph.SR}
}

@Article{Loughhead1974,
  Title                    = {{High-Resolution Photography of the Solar Chromosphere. XII: An Attempt to Measure Vertical Velocities of H{$\alpha$} Bright Mottles beyond Limb}},
  Author                   = {{Loughhead}, R.~E.},
  Journal                  = {SolPhys},
  Year                     = {1974},

  Month                    = mar,
  Pages                    = {55-61},
  Volume                   = {35},

  Adsnote                  = {Provided by the SAO/NASA Astrophysics Data System},
  Adsurl                   = {http://adsabs.harvard.edu/abs/1974SoPh...35...55L},
  Doi                      = {10.1007/BF00156957}
}
@ARTICLE{Lemen2012SoPh27517L,
       author = {{Lemen}, James R. and {Title}, Alan M. and {Akin}, David J. and {Boerner}, Paul F. and {Chou}, Catherine and {Drake}, Jerry F. and {Duncan}, Dexter W. and {Edwards}, Christopher G. and {Friedlaender}, Frank M. and {Heyman}, Gary F. and {Hurlburt}, Neal E. and {Katz}, Noah L. and {Kushner}, Gary D. and {Levay}, Michael and {Lindgren}, Russell W. and {Mathur}, Dnyanesh P. and {McFeaters}, Edward L. and {Mitchell}, Sarah and {Rehse}, Roger A. and {Schrijver}, Carolus J. and {Springer}, Larry A. and {Stern}, Robert A. and {Tarbell}, Theodore D. and {Wuelser}, Jean-Pierre and {Wolfson}, C. Jacob and {Yanari}, Carl and {Bookbinder}, Jay A. and {Cheimets}, Peter N. and {Caldwell}, David and {Deluca}, Edward E. and {Gates}, Richard and {Golub}, Leon and {Park}, Sang and {Podgorski}, William A. and {Bush}, Rock I. and {Scherrer}, Philip H. and {Gummin}, Mark A. and {Smith}, Peter and {Auker}, Gary and {Jerram}, Paul and {Pool}, Peter and {Soufli}, Regina and {Windt}, David L. and {Beardsley}, Sarah and {Clapp}, Matthew and {Lang}, James and {Waltham}, Nicholas},
        title = "{The Atmospheric Imaging Assembly (AIA) on the Solar Dynamics Observatory (SDO)}",
      journal = {\solphys},
     keywords = {Solar corona, Solar instrumentation, Solar imaging, Extreme ultraviolet},
         year = 2012,
        month = jan,
       volume = {275},
       number = {1-2},
        pages = {17-40},
          doi = {10.1007/s11207-011-9776-8},
       adsurl = {https://ui.adsabs.harvard.edu/abs/2012SoPh..275...17L},
      adsnote = {Provided by the SAO/NASA Astrophysics Data System}
}

@ARTICLE{Longcope1998ApJ507433L,
       author = {{Longcope}, D.~W.},
        title = "{A Model for Current Sheets and Reconnection in X-Ray Bright Points}",
      journal = {\apj},
     keywords = {SUN: MAGNETIC FIELDS, SUN: X-RAYS, GAMMA RAYS, Sun: Magnetic Fields, Sun: X-Rays, Gamma Rays},
         year = 1998,
        month = nov,
       volume = {507},
       number = {1},
        pages = {433-442},
          doi = {10.1086/306319},
       adsurl = {https://ui.adsabs.harvard.edu/abs/1998ApJ...507..433L},
      adsnote = {Provided by the SAO/NASA Astrophysics Data System}
}


@ARTICLE{Mandrini1996SoPh168115M,
       author = {{Mandrini}, C.~H. and {D{\'e}moulin}, P. and {van Driel-Gesztelyi}, L. and {Schmieder}, B. and {Cauzzi}, G. and {Hofmann}, A.},
        title = "{3D Magnetic Reconnection at an X-Ray Bright Point}",
      journal = {\solphys},
         year = 1996,
        month = sep,
       volume = {168},
       number = {1},
        pages = {115-133},
          doi = {10.1007/BF00145829},
       adsurl = {https://ui.adsabs.harvard.edu/abs/1996SoPh..168..115M},
      adsnote = {Provided by the SAO/NASA Astrophysics Data System}
}


@ARTICLE{Nakariakov1999Sci285862N,
       author = {{Nakariakov}, V.~M. and {Ofman}, L. and {Deluca}, E.~E. and {Roberts}, B. and {Davila}, J.~M.},
        title = "{TRACE observation of damped coronal loop oscillations: Implications for coronal heating}",
      journal = {Science},
         year = 1999,
        month = aug,
       volume = {285},
        pages = {862-864},
          doi = {10.1126/science.285.5429.862},
       adsurl = {https://ui.adsabs.harvard.edu/abs/1999Sci...285..862N},
      adsnote = {Provided by the SAO/NASA Astrophysics Data System}
}


@article{Ono2014,
author = {Ono, Norifumi and Yamamoto, Masami and Koike, Kazuo},
doi = {10.1016/j.vacuum.2014.05.010},
issn = {0042207X},
journal = {Vacuum},
keywords = {Abel-inversion,Image analysis,Mach disk,Magnetic field,Plasma jet},
month = {dec},
pages = {149--153},
publisher = {Elsevier Ltd},
title = {{Detection of shock structure around Mach disk in axisymmetric plasma jet}},
volume = {110},
year = {2014}
}

@ARTICLE{Parmenter1966PASP78250P,
       author = {{Parmenter}, B.~C.},
        title = "{Observations of Solar Chromospheric Spicules}",
      journal = {\pasp},
         year = 1966,
        month = jun,
       volume = {78},
       number = {463},
        pages = {250},
          doi = {10.1086/128338},
       adsurl = {https://ui.adsabs.harvard.edu/abs/1966PASP...78..250P},
      adsnote = {Provided by the SAO/NASA Astrophysics Data System}
}

@ARTICLE{Pascoe2007AA4611149P,
       author = {{Pascoe}, D.~J. and {Nakariakov}, V.~M. and {Arber}, T.~D.},
        title = "{Sausage oscillations of coronal loops}",
      journal = {\aap},
     keywords = {Sun: corona, Sun: oscillations, Sun: flares, magnetohydrodynamics (MHD)},
         year = 2007,
        month = jan,
       volume = {461},
       number = {3},
        pages = {1149-1154},
          doi = {10.1051/0004-6361:20065986},
       adsurl = {https://ui.adsabs.harvard.edu/abs/2007A&A...461.1149P},
      adsnote = {Provided by the SAO/NASA Astrophysics Data System}
}

@Article{Pereira2012,
  Title                    = {{Quantifying Spicules}},
  Author                   = {{Pereira}, T.~M.~D. and {De Pontieu}, B. and {Carlsson}, M.},
  Journal                  = {ApJ},
  Year                     = {2012},

  Month                    = nov,
  Pages                    = {18},
  Volume                   = {759},

  Adsnote                  = {Provided by the SAO/NASA Astrophysics Data System},
  Adsurl                   = {http://adsabs.harvard.edu/abs/2012ApJ...759...18P},
  Archiveprefix            = {arXiv},
  Doi                      = {10.1088/0004-637X/759/1/18},
  Eid                      = {18},
  Eprint                   = {1208.4404},
  Keywords                 = {Sun: atmosphere, Sun: chromosphere, Sun: transition region},
  Primaryclass             = {astro-ph.SR}
}

@ARTICLE{Pereira2016ApJ82465P,
       author = {{Pereira}, Tiago M.~D. and {Rouppe van der Voort}, Luc and {Carlsson}, Mats},
        title = "{The Appearance of Spicules in High Resolution Observations of Ca II H and H{\ensuremath{\alpha}}}",
      journal = {\apj},
     keywords = {Sun: atmosphere, Sun: chromosphere, Astrophysics - Solar and Stellar Astrophysics},
         year = 2016,
        month = jun,
       volume = {824},
       number = {2},
          eid = {65},
        pages = {65},
          doi = {10.3847/0004-637X/824/2/65},
archivePrefix = {arXiv},
       eprint = {1604.03116},
 primaryClass = {astro-ph.SR},
       adsurl = {https://ui.adsabs.harvard.edu/abs/2016ApJ...824...65P},
      adsnote = {Provided by the SAO/NASA Astrophysics Data System}
}



@ARTICLE{Pereira2014,
       author = {{Pereira}, T.~M.~D. and {De Pontieu}, B. and {Carlsson}, M. and
         {Hansteen}, V. and {Tarbell}, T.~D. and {Lemen}, J. and {Title}, A. and
         {Boerner}, P. and {Hurlburt}, N. and {W{\"u}lser}, J.~P. and
         {Mart{\'\i}nez-Sykora}, J. and {Kleint}, L. and {Golub}, L. and
         {McKillop}, S. and {Reeves}, K.~K. and {Saar}, S. and {Testa}, P. and
         {Tian}, H. and {Jaeggli}, S. and {Kankelborg}, C.},
        title = "{An Interface Region Imaging Spectrograph First View on Solar Spicules}",
      journal = {\apjl},
     keywords = {Sun: atmosphere, Sun: chromosphere, Sun: transition region, Astrophysics - Solar and Stellar Astrophysics},
         year = 2014,
        month = sep,
       volume = {792},
       number = {1},
          eid = {L15},
        pages = {L15},
          doi = {10.1088/2041-8205/792/1/L15},
archivePrefix = {arXiv},
       eprint = {1407.6360},
 primaryClass = {astro-ph.SR},
       adsurl = {https://ui.adsabs.harvard.edu/abs/2014ApJ...792L..15P},
      adsnote = {Provided by the SAO/NASA Astrophysics Data System}
}

@Article{Pietarila2011,
  Title                    = {{Kink Waves in an Active Region Dynamic Fibril}},
  Author                   = {{Pietarila}, A. and {Aznar Cuadrado}, R. and {Hirzberger}, J. and {Solanki}, S.~K.},
  Journal                  = {ApJ},
  Year                     = {2011},

  Month                    = oct,
  Pages                    = {92},
  Volume                   = {739},

  Adsnote                  = {Provided by the SAO/NASA Astrophysics Data System},
  Adsurl                   = {http://adsabs.harvard.edu/abs/2011ApJ...739...92P},
  Archiveprefix            = {arXiv},
  Doi                      = {10.1088/0004-637X/739/2/92},
  Eid                      = {92},
  Eprint                   = {1107.3113},
  Keywords                 = {Sun: chromosphere, Sun: oscillations, sunspots},
  Primaryclass             = {astro-ph.SR}
}

@ARTICLE{Porth_2014,
   author = {{Porth}, O. and {Xia}, C. and {Hendrix}, T. and {Moschou}, S.~P. and 
	{Keppens}, R.},
    title = "{MPI-AMRVAC for Solar and Astrophysics}",
  journal = {\apjs},
archivePrefix = "arXiv",
   eprint = {1407.2052},
 primaryClass = "astro-ph.IM",
 keywords = {hydrodynamics, magnetohydrodynamics: MHD, methods: numerical },
     year = 2014,
    month = sep,
   volume = 214,
      eid = {4},
    pages = {4},
      doi = {10.1088/0067-0049/214/1/4},
   adsurl = {http://adsabs.harvard.edu/abs/2014ApJS..214....4P},
  adsnote = {Provided by the SAO/NASA Astrophysics Data System}
}

@ARTICLE{Priest1994ApJ427459P,
       author = {{Priest}, E.~R. and {Parnell}, C.~E. and {Martin}, S.~F.},
        title = "{A Converging Flux Model of an X-Ray Bright Point and an Associated Canceling Magnetic Feature}",
      journal = {\apj},
     keywords = {Astronomical Models, Gamma Rays, Magnetic Field Reconnection, Magnetohydrodynamic Waves, Solar Corona, Solar Wind, X Rays, Magnetic Fields, Magnetic Signatures, Skylab Program, Solar Granulation, Solar Maximum Mission, Solar Observatories, Solar Physics, MAGNETOHYDRODYNAMICS: MHD, SUN: CORONA, SUN: MAGNETIC FIELDS, SUN: X-RAYS, GAMMA RAYS},
         year = 1994,
        month = may,
       volume = {427},
        pages = {459},
          doi = {10.1086/174157},
       adsurl = {https://ui.adsabs.harvard.edu/abs/1994ApJ...427..459P},
      adsnote = {Provided by the SAO/NASA Astrophysics Data System}
}



@INPROCEEDINGS{Judge2006ASPC354259J,
       author = {{Judge}, P.},
        title = "{Observations of the Solar Chromosphere}",
    booktitle = {Solar MHD Theory and Observations: A High Spatial Resolution Perspective},
         year = 2006,
       editor = {{Leibacher}, John and {Stein}, Robert F. and {Uitenbroek}, Han},
       series = {Astronomical Society of the Pacific Conference Series},
       volume = {354},
        month = dec,
        pages = {259},
       adsurl = {https://ui.adsabs.harvard.edu/abs/2006ASPC..354..259J},
      adsnote = {Provided by the SAO/NASA Astrophysics Data System}
}

@Article{RouppevanderVoort2009,
  Title                    = {{On-disk Counterparts of Type II Spicules in the Ca II 854.2 nm and H{$\alpha$} Lines}},
  Author                   = {{Rouppe van der Voort}, L. and {Leenaarts}, J. and {de Pontieu}, B. and {Carlsson}, M. and {Vissers}, G.},
  Journal                  = {ApJ},
  Year                     = {2009},

  Month                    = nov,
  Pages                    = {272-284},
  Volume                   = {705},

  Adsnote                  = {Provided by the SAO/NASA Astrophysics Data System},
  Adsurl                   = {http://adsabs.harvard.edu/abs/2009ApJ...705..272R},
  Archiveprefix            = {arXiv},
  Doi                      = {10.1088/0004-637X/705/1/272},
  Eprint                   = {0909.2115},
  Keywords                 = {Sun: atmosphere, Sun: atmospheric motions, Sun: chromosphere, Sun: magnetic fields},
  Primaryclass             = {astro-ph.SR}
}

@Article{Ruderman2010,
  Title                    = {{Nonlinear propagating kink waves in thin magnetic tubes}},
  Author                   = {{Ruderman}, M.~S. and {Goossens}, M. and {Andries}, J.},
  Journal                  = {Physics of Plasmas},
  Year                     = {2010},

  Month                    = aug,
  Number                   = {8},
  Pages                    = {082108},
  Volume                   = {17},

  Adsnote                  = {Provided by the SAO/NASA Astrophysics Data System},
  Adsurl                   = {http://adsabs.harvard.edu/abs/2010PhPl...17h2108R},
  Doi                      = {10.1063/1.3464464},
  Eid                      = {082108},
  Keywords                 = {kink instability, plasma Alfven waves, Magnetohydrodynamic waves, Plasma heating by particle beams, Helioseismology pulsations and shock waves}
}

@INPROCEEDINGS{Rutten2008ASPC39754R,
       author = {{Rutten}, R.~J.},
        title = "{H{\ensuremath{\alpha}} as a Chromospheric Diagnostic}",
    booktitle = {First Results From Hinode},
         year = 2008,
       editor = {{Matthews}, S.~A. and {Davis}, J.~M. and {Harra}, L.~K.},
       series = {Astronomical Society of the Pacific Conference Series},
       volume = {397},
        month = sep,
        pages = {54},
       adsurl = {https://ui.adsabs.harvard.edu/abs/2008ASPC..397...54R},
      adsnote = {Provided by the SAO/NASA Astrophysics Data System}
}

@ARTICLE{Rutten2017AA598A89R,
       author = {{Rutten}, R.~J.},
        title = "{Solar H-alpha features with hot onsets. III. Long fibrils in Lyman-alpha and with ALMA}",
      journal = {\aap},
     keywords = {Sun: chromosphere, Sun: infrared, Astrophysics - Solar and Stellar Astrophysics},
         year = 2017,
        month = feb,
       volume = {598},
          eid = {A89},
        pages = {A89},
          doi = {10.1051/0004-6361/201629238},
archivePrefix = {arXiv},
       eprint = {1609.01122},
 primaryClass = {astro-ph.SR},
       adsurl = {https://ui.adsabs.harvard.edu/abs/2017A&A...598A..89R},
      adsnote = {Provided by the SAO/NASA Astrophysics Data System}
}

@ARTICLE{Santos2007ASTRA329S,
       author = {{Santos}, J.~C. and {B{\"u}chner}, J.},
        title = "{MHD simulation of electric currents in the solar atmosphere caused by photospheric plasma motion}",
      journal = {Astrophysics and Space Sciences Transactions},
         year = 2007,
        month = dec,
       volume = {3},
       number = {1},
        pages = {29-33},
          doi = {10.5194/astra-3-29-2007},
       adsurl = {https://ui.adsabs.harvard.edu/abs/2007ASTRA...3...29S},
      adsnote = {Provided by the SAO/NASA Astrophysics Data System}
}



@INPROCEEDINGS{Scharmer2003SPIE4853341S,
       author = {{Scharmer}, Goran B. and {Bjelksjo}, Klas and {Korhonen}, Tapio K. and {Lindberg}, Bo and {Petterson}, Bertil},
        title = "{The 1-meter Swedish solar telescope}",
    booktitle = {Innovative Telescopes and Instrumentation for Solar Astrophysics},
         year = 2003,
       editor = {{Keil}, Stephen L. and {Avakyan}, Sergey V.},
       series = {Society of Photo-Optical Instrumentation Engineers (SPIE) Conference Series},
       volume = {4853},
        month = feb,
        pages = {341-350},
          doi = {10.1117/12.460377},
       adsurl = {https://ui.adsabs.harvard.edu/abs/2003SPIE.4853..341S},
      adsnote = {Provided by the SAO/NASA Astrophysics Data System}
}


@Article{Scharmer2008,
  Title                    = {{CRISP Spectropolarimetric Imaging of Penumbral Fine Structure}},
  Author                   = {{Scharmer}, G.~B. and {Narayan}, G. and {Hillberg}, T. and {de la Cruz Rodriguez}, J. and {L{\"o}fdahl}, M.~G. and {Kiselman}, D. and {S{\"u}tterlin}, P. and {van Noort}, M. and {Lagg}, A.},
  Journal                  = {ApJL},
  Year                     = {2008},

  Month                    = dec,
  Pages                    = {L69},
  Volume                   = {689},

  Adsnote                  = {Provided by the SAO/NASA Astrophysics Data System},
  Adsurl                   = {http://adsabs.harvard.edu/abs/2008ApJ...689L..69S},
  Archiveprefix            = {arXiv},
  Doi                      = {10.1086/595744},
  Eid                      = {L69},
  Eprint                   = {0806.1638},
  Keywords                 = {magnetic fields, sunspots }
}

@Article{Sekse2013,
  Title                    = {{Interplay of Three Kinds of Motion in the Disk Counterpart of Type II Spicules: Upflow, Transversal, and Torsional Motions}},
  Author                   = {{Sekse}, D.~H. and {Rouppe van der Voort}, L. and {De Pontieu}, B. and {Scullion}, E.},
  Journal                  = {ApJ},
  Year                     = {2013},

  Month                    = may,
  Pages                    = {44},
  Volume                   = {769},

  Adsnote                  = {Provided by the SAO/NASA Astrophysics Data System},
  Adsurl                   = {http://adsabs.harvard.edu/abs/2013ApJ...769...44S},
  Archiveprefix            = {arXiv},
  Doi                      = {10.1088/0004-637X/769/1/44},
  Eid                      = {44},
  Eprint                   = {1304.2304},
  Keywords                 = {Sun: atmosphere, Sun: chromosphere, Sun: corona},
  Primaryclass             = {astro-ph.SR}
}

@ARTICLE{soler2008,
       author = {{Soler}, R. and {Oliver}, R. and {Ballester}, J.~L.},
        title = "{Nonadiabatic Magnetohydrodynamic Waves in a Cylindrical Prominence Thread with Mass Flow}",
      journal = {\apj},
     keywords = {Sun: corona, Sun: magnetic fields, Sun: oscillations, Sun: prominences, Astrophysics},
         year = 2008,
        month = sep,
       volume = {684},
       number = {1},
        pages = {725-735},
          doi = {10.1086/590244},
archivePrefix = {arXiv},
       eprint = {0803.2600},
 primaryClass = {astro-ph},
       adsurl = {https://ui.adsabs.harvard.edu/abs/2008ApJ...684..725S},
      adsnote = {Provided by the SAO/NASA Astrophysics Data System}
}

@ARTICLE{Sterling2000SoPh19679S,
       author = {{Sterling}, Alphonse C.},
        title = "{Solar Spicules: A Review of Recent Models and Targets for Future Observations - (Invited Review)}",
      journal = {\solphys},
         year = 2000,
        month = sep,
       volume = {196},
       number = {1},
        pages = {79-111},
          doi = {10.1023/A:1005213923962},
       adsurl = {https://ui.adsabs.harvard.edu/abs/2000SoPh..196...79S},
      adsnote = {Provided by the SAO/NASA Astrophysics Data System}
}

@Article{2005,
  Title                    = {{Solar Image Restoration By Use Of Multi-frame Blind De-convolution With Multiple Objects And Phase Diversity}},
  Author                   = {{van Noort}, M. and {Rouppe van der Voort}, L. and {L{\"o}fdahl}, M.~G.},
  Journal                  = {SolPhys},
  Year                     = {2005},

  Month                    = may,
  Pages                    = {191-215},
  Volume                   = {228},

  Adsnote                  = {Provided by the SAO/NASA Astrophysics Data System},
  Adsurl                   = {http://adsabs.harvard.edu/abs/2005SoPh..228..191V},
  Doi                      = {10.1007/s11207-005-5782-z},
  Owner                    = {Rahul},
  Timestamp                = {2016.04.15}
}

@Article{Sharma2017,
  Title                    = {{Dynamic Behavior of Spicules Inferred from Perpendicular Velocity Components}},
  Author                   = {{Sharma}, R. and {Verth}, G. and {Erd{\'e}lyi}, R.},
  Journal                  = {ApJ},
  Year                     = {2017},

  Month                    = may,
  Pages                    = {96},
  Volume                   = {840},

  Adsnote                  = {Provided by the SAO/NASA Astrophysics Data System},
  Adsurl                   = {http://adsabs.harvard.edu/abs/2017ApJ...840...96S},
  Doi                      = {10.3847/1538-4357/aa6d57},
  Eid                      = {96},
  Keywords                 = {magnetohydrodynamics: MHD, Sun: chromosphere, Sun: oscillations }
}

@Article{Sharma2018,
  Title                    = {{Evolution of complex 3D motions in spicules}},
  Author                   = {{Sharma}, R. and {Verth}, G. and {Erd{\'e}lyi}, R.},
  Journal                  = {ApJ},
  Year                     = {2018},

  Month                    = Jan,
  Pages                    = {61},
  Volume                   = {853},

  Doi                      = {10.3847/1538-4357/aaa07f},
  Eid                      = {96},
  Keywords                 = {magnetohydrodynamics: MHD, Sun: chromosphere, Sun: oscillations }
}

@Article{suarez2015,
  author    = {D. Orozco Su{\'{a}}rez and A. Asensio Ramos and J. Trujillo Bueno},
  title     = {{HEIGHT} {VARIATION} {OF} {THE} {VECTOR} {MAGNETIC} {FIELD} {IN} {SOLAR} {SPICULES}},
  journal   = {The Astrophysical Journal},
  year      = {2015},
  volume    = {803},
  number    = {2},
  pages     = {L18},
  month     = {apr},
  abstract  = {},
  doi       = {10.1088/2041-8205/803/2/l18},
  publisher = {{IOP} Publishing},
  url       = {https://doi.org/10.1088%2F2041-8205%2F803%2F2%2Fl18},
}

@ARTICLE{Singh2012ApJ75933S,
       author = {{Singh}, K.~A.~P. and {Isobe}, H. and {Nishizuka}, N. and {Nishida}, K. and {Shibata}, K.},
        title = "{Multiple Plasma Ejections and Intermittent Nature of Magnetic Reconnection in Solar Chromospheric Anemone Jets}",
      journal = {\apj},
     keywords = {magnetic reconnection, plasmas, Sun: activity, Sun: chromosphere, Sun: magnetic topology},
         year = 2012,
        month = nov,
       volume = {759},
       number = {1},
          eid = {33},
        pages = {33},
          doi = {10.1088/0004-637X/759/1/33},
       adsurl = {https://ui.adsabs.harvard.edu/abs/2012ApJ...759...33S},
      adsnote = {Provided by the SAO/NASA Astrophysics Data System}
}


@ARTICLE{terrahomem2003,
       author = {{Terra-Homem}, M. and {Erd{\'e}lyi}, R. and {Ballai}, I.},
        title = "{Linear and non-linear MHD wave propagation in steady-state magnetic cylinders}",
      journal = {\solphys},
         year = 2003,
        month = nov,
       volume = {217},
       number = {2},
        pages = {199-223},
          doi = {10.1023/B:SOLA.0000006901.22169.59},
       adsurl = {https://ui.adsabs.harvard.edu/abs/2003SoPh..217..199T},
      adsnote = {Provided by the SAO/NASA Astrophysics Data System}
}

@ARTICLE{toth1996ApLC34245T,
       author = {{T{\'o}th}, G.},
        title = "{A General Code for Modeling MHD Flows on Parallel Computers: Versatile Advection Code}",
      journal = {Astrophysical Letters and Communications},
         year = 1996,
        month = jan,
       volume = {34},
        pages = {245},
       adsurl = {https://ui.adsabs.harvard.edu/abs/1996ApL&C..34..245T},
      adsnote = {Provided by the SAO/NASA Astrophysics Data System}
}

@Article{Tsiropoula2012,
  Title                    = {{Solar Fine-Scale Structures. I. Spicules and Other Small-Scale, Jet-Like Events at the Chromospheric Level: Observations and Physical Parameters}},
  Author                   = {{Tsiropoula}, G. and {Tziotziou}, K. and {Kontogiannis}, I. and {Madjarska}, M.~S. and {Doyle}, J.~G. and {Suematsu}, Y.},
  Journal                  = {Space Science Review},
  Year                     = {2012},

  Month                    = sep,
  Pages                    = {181-244},
  Volume                   = {169},

  Adsnote                  = {Provided by the SAO/NASA Astrophysics Data System},
  Adsurl                   = {http://adsabs.harvard.edu/abs/2012SSRv..169..181T},
  Archiveprefix            = {arXiv},
  Doi                      = {10.1007/s11214-012-9920-2},
  Eprint                   = {1207.3956},
  Keywords                 = {Sun, Chromosphere, Spicules, Jet-like structures, Small-scale events, Physical parameters},
  Primaryclass             = {astro-ph.SR}
}

@ARTICLE{von1985AA146192V,
       author = {{von Uexkuell}, M. and {Kneer}, F. and {Mattig}, W. and {Nesis}, A. and {Schmidt}, W.},
        title = "{Oscillations of the sun's chromosphere. III - Simultaneous H-alpha observations from two sites}",
      journal = {\aap},
     keywords = {Chromosphere, H Alpha Line, Solar Oscillations, Spectrum Analysis, Stellar Spectrophotometry, Coherence, Filtergrams, Power Spectra, Solar Flux Density, Temporal Resolution, Solar Physics},
         year = 1985,
        month = may,
       volume = {146},
       number = {1},
        pages = {192-194},
       adsurl = {https://ui.adsabs.harvard.edu/abs/1985A&A...146..192V},
      adsnote = {Provided by the SAO/NASA Astrophysics Data System}
}

@Article{Zaqarashvili2009,
  Title                    = {{Oscillations and Waves in Solar Spicules}},
  Author                   = {{Zaqarashvili}, T.~V. and {Erd{\'e}lyi}, R.},
  Journal                  = {Space Science Review},
  Year                     = {2009},

  Month                    = dec,
  Pages                    = {355-388},
  Volume                   = {149},

  Adsnote                  = {Provided by the SAO/NASA Astrophysics Data System},
  Adsurl                   = {http://adsabs.harvard.edu/abs/2009SSRv..149..355Z},
  Archiveprefix            = {arXiv},
  Doi                      = {10.1007/s11214-009-9549-y},
  Eprint                   = {0906.1783},
  Primaryclass             = {astro-ph.SR}
}

@ARTICLE{verwichte2004,
       author = {{Verwichte}, E. and {Nakariakov}, V.~M. and {Ofman}, L. and
         {Deluca}, E.~E.},
        title = "{Characteristics of transverse oscillations in a coronal loop arcade}",
      journal = {\solphys},
         year = 2004,
        month = sep,
       volume = {223},
       number = {1-2},
        pages = {77-94},
          doi = {10.1007/s11207-004-0807-6},
       adsurl = {https://ui.adsabs.harvard.edu/abs/2004SoPh..223...77V},
      adsnote = {Provided by the SAO/NASA Astrophysics Data System}
}


@Article{Ziegler1997,
  Title                    = {{Dynamical response of magnetic tubes to transverse perturbations. II. Towards thin flux tubes.}},
  Author                   = {{Ziegler}, U. and {Ulmschneider}, P.},
  Journal                  = {A\&A},
  Year                     = {1997},

  Month                    = nov,
  Pages                    = {854-862},
  Volume                   = {327},

  Adsnote                  = {Provided by the SAO/NASA Astrophysics Data System},
  Adsurl                   = {http://adsabs.harvard.edu/abs/1997A%26A...327..854Z},
  Keywords                 = {MHD, SUN: MAGNETIC FIELDS, MAGNETIC FIELDS}
}

@Article{Ziegler1997a,
  Title                    = {{Dynamical response of magnetic tubes to transverse perturbations. I. Thick flux tubes.}},
  Author                   = {{Ziegler}, U. and {Ulmschneider}, P.},
  Journal                  = {A\&A},
  Year                     = {1997},

  Month                    = aug,
  Pages                    = {417-431},
  Volume                   = {324},

  Adsnote                  = {Provided by the SAO/NASA Astrophysics Data System},
  Adsurl                   = {http://adsabs.harvard.edu/abs/1997A%26A...324..417Z},
  Keywords                 = {MHD, SUN: ATMOSPHERE, MAGNETIC FIELDS}
}


@ARTICLE{Torrence1998,
       author = {{Torrence}, Christopher and {Compo}, Gilbert P.},
        title = "{A Practical Guide to Wavelet Analysis.}",
      journal = {Bulletin of the American Meteorological Society},
         year = 1998,
        month = jan,
       volume = {79},
       number = {1},
        pages = {61-78},
          doi = {10.1175/1520-0477(1998)079<0061:APGTWA>2.0.CO;2},
       adsurl = {https://ui.adsabs.harvard.edu/abs/1998BAMS...79...61T},
      adsnote = {Provided by the SAO/NASA Astrophysics Data System}
}

@ARTICLE{Xia_2017,
   author = {{Xia}, C. and {Teunissen}, J. and {El Mellah}, I. and {Chane}, E. and 
	{Keppens}, R.},
    title = "{MPI-AMRVAC 2.0 for Solar and Astrophysical Applications}",
  journal = {ArXiv e-prints},
archivePrefix = "arXiv",
   eprint = {1710.06140},
 primaryClass = "astro-ph.SR",
 keywords = {Astrophysics - Solar and Stellar Astrophysics},
     year = 2017,
    month = oct,
   adsurl = {http://adsabs.harvard.edu/abs/2017arXiv171006140X},
  adsnote = {Provided by the SAO/NASA Astrophysics Data System}
}

@ARTICLE{Zhang2014AA567A11Z,
       author = {{Zhang}, Q.~M. and {Ji}, H.~S.},
        title = "{Blobs in recurring extreme-ultraviolet jets}",
      journal = {\aap},
     keywords = {Sun: chromosphere, Sun: corona, Sun: activity, Astrophysics - Solar and Stellar Astrophysics},
         year = 2014,
        month = jul,
       volume = {567},
          eid = {A11},
        pages = {A11},
          doi = {10.1051/0004-6361/201423698},
archivePrefix = {arXiv},
       eprint = {1405.5132},
 primaryClass = {astro-ph.SR},
       adsurl = {https://ui.adsabs.harvard.edu/abs/2014A&A...567A..11Z},
      adsnote = {Provided by the SAO/NASA Astrophysics Data System}
}


@ARTICLE{Zhang2016SoPh291859Z,
       author = {{Zhang}, Q.~M. and {Ji}, H.~S. and {Su}, Y.~N.},
        title = "{Observations of Multiple Blobs in Homologous Solar Coronal Jets in Closed Loop}",
      journal = {\solphys},
     keywords = {Flares, microflares and nanoflares, Magnetic reconnection, observational signatures, Jets, Astrophysics - Solar and Stellar Astrophysics},
         year = 2016,
        month = mar,
       volume = {291},
       number = {3},
        pages = {859-876},
          doi = {10.1007/s11207-016-0878-1},
archivePrefix = {arXiv},
       eprint = {1601.04390},
 primaryClass = {astro-ph.SR},
       adsurl = {https://ui.adsabs.harvard.edu/abs/2016SoPh..291..859Z},
      adsnote = {Provided by the SAO/NASA Astrophysics Data System}
}