%
% A
%
@ARTICLE{Antolin2018ApJ85644A,
       author = {{Antolin}, P. and {Schmit}, D. and {Pereira}, T.~M.~D. and {De Pontieu}, B. and {De Moortel}, I.},
        title = "{Transverse Wave Induced Kelvin-Helmholtz Rolls in Spicules}",
      journal = {\apj},
     keywords = {instabilities, magnetohydrodynamics: MHD, Sun: activity, Sun: chromosphere, Sun: corona, Sun: oscillations, Astrophysics - Solar and Stellar Astrophysics},
         year = 2018,
        month = mar,
       volume = {856},
       number = {1},
          eid = {44},
        pages = {44},
          doi = {10.3847/1538-4357/aab34f},
archivePrefix = {arXiv},
       eprint = {1803.00821},
 primaryClass = {astro-ph.SR},
       adsurl = {https://ui.adsabs.harvard.edu/abs/2018ApJ...856...44A},
      adsnote = {Provided by the SAO/NASA Astrophysics Data System}
}

@ARTICLE{Beckers1968,
       author = {{Beckers}, J.~M.},
        title = "{Solar Spicules (Invited Review Paper)}",
      journal = {\solphys},
         year = 1968,
        month = mar,
       volume = {3},
       number = {3},
        pages = {367-433},
          doi = {10.1007/BF00171614},
       adsurl = {https://ui.adsabs.harvard.edu/abs/1968SoPh....3..367B},
      adsnote = {Provided by the SAO/NASA Astrophysics Data System}
}

@ARTICLE{Berger2010ApJ7161288B,
       author = {{Berger}, Thomas E. and {Slater}, Gregory and {Hurlburt}, Neal and {Shine}, Richard and {Tarbell}, Theodore and {Title}, Alan and {Lites}, Bruce W. and {Okamoto}, Takenori J. and {Ichimoto}, Kiyoshi and {Katsukawa}, Yukio and {Magara}, Tetsuya and {Suematsu}, Yoshinori and {Shimizu}, Toshifumi},
        title = "{Quiescent Prominence Dynamics Observed with the Hinode Solar Optical Telescope. I. Turbulent Upflow Plumes}",
      journal = {\apj},
     keywords = {Sun: chromosphere, Sun: corona, Sun: coronal mass ejections: CMEs, Sun: filaments, prominences},
         year = 2010,
        month = jun,
       volume = {716},
       number = {2},
        pages = {1288-1307},
          doi = {10.1088/0004-637X/716/2/1288},
       adsurl = {https://ui.adsabs.harvard.edu/abs/2010ApJ...716.1288B},
      adsnote = {Provided by the SAO/NASA Astrophysics Data System}
}


@ARTICLE{Barbulescu2018SoPh29386B,
       author = {{Barbulescu}, M. and {Erd{\'e}lyi}, R.},
        title = "{Magnetoacoustic Waves and the Kelvin-Helmholtz Instability in a Steady Asymmetric Slab. I: The Effects of Varying Density Ratios}",
      journal = {\solphys},
     keywords = {MHD waves, Kelvin-Helmholtz instability},
         year = 2018,
        month = jun,
       volume = {293},
       number = {6},
          eid = {86},
        pages = {86},
          doi = {10.1007/s11207-018-1305-6},
       adsurl = {https://ui.adsabs.harvard.edu/abs/2018SoPh..293...86B},
      adsnote = {Provided by the SAO/NASA Astrophysics Data System}
}

@BOOK{Chandrasekhar1961hhsbookC,
       author = {{Chandrasekhar}, Subrahmanyan},
        title = "{Hydrodynamic and hydromagnetic stability}",
         year = 1961,
       adsurl = {https://ui.adsabs.harvard.edu/abs/1961hhs..book.....C},
      adsnote = {Provided by the SAO/NASA Astrophysics Data System}
}

@BOOK{Drazin2002ihsbookD,
       author = {{Drazin}, P.~G.},
        title = "{Introduction to Hydrodynamic Stability}",
         year = 2002,
       adsurl = {https://ui.adsabs.harvard.edu/abs/2002ihs..book.....D},
      adsnote = {Provided by the SAO/NASA Astrophysics Data System}
}

@ARTICLE{Filippov2015MNRAS4511117F,
       author = {{Filippov}, B. and {Srivastava}, A.~K. and {Dwivedi}, B.~N. and {Masson}, S. and {Aulanier}, G. and {Joshi}, N.~C. and {Uddin}, W.},
        title = "{Formation of a rotating jet during the filament eruption on 2013 April 10-11}",
      journal = {\mnras},
     keywords = {Astrophysics - Solar and Stellar Astrophysics},
         year = 2015,
        month = jul,
       volume = {451},
       number = {1},
        pages = {1117-1129},
          doi = {10.1093/mnras/stv1039},
archivePrefix = {arXiv},
       eprint = {1505.01615},
 primaryClass = {astro-ph.SR},
       adsurl = {https://ui.adsabs.harvard.edu/abs/2015MNRAS.451.1117F},
      adsnote = {Provided by the SAO/NASA Astrophysics Data System}
}


@ARTICLE{Foullon2011ApJ729L8F,
       author = {{Foullon}, Claire and {Verwichte}, Erwin and {Nakariakov}, Valery M. and {Nykyri}, Katariina and {Farrugia}, Charles J.},
        title = "{Magnetic Kelvin-Helmholtz Instability at the Sun}",
      journal = {\apjl},
     keywords = {instabilities, plasmas, solar-terrestrial relations, Sun: corona, Sun: coronal mass ejections: CMEs, Sun: oscillations},
         year = 2011,
        month = mar,
       volume = {729},
       number = {1},
          eid = {L8},
        pages = {L8},
          doi = {10.1088/2041-8205/729/1/L8},
       adsurl = {https://ui.adsabs.harvard.edu/abs/2011ApJ...729L...8F},
      adsnote = {Provided by the SAO/NASA Astrophysics Data System}
}

@ARTICLE{Foullon2013ApJ767170F,
       author = {{Foullon}, Claire and {Verwichte}, Erwin and {Nykyri}, Katariina and {Aschwanden}, Markus J. and {Hannah}, Iain G.},
        title = "{Kelvin-Helmholtz Instability of the CME Reconnection Outflow Layer in the Low Corona}",
      journal = {\apj},
     keywords = {instabilities, plasmas, solar-terrestrial relations, Sun: corona, Sun: coronal mass ejections: CMEs, Sun: oscillations},
         year = 2013,
        month = apr,
       volume = {767},
       number = {2},
          eid = {170},
        pages = {170},
          doi = {10.1088/0004-637X/767/2/170},
       adsurl = {https://ui.adsabs.harvard.edu/abs/2013ApJ...767..170F},
      adsnote = {Provided by the SAO/NASA Astrophysics Data System}
}

@ARTICLE{Kuridze2016ApJ830133K,
       author = {{Kuridze}, D. and {Zaqarashvili}, T.~V. and {Henriques}, V. and {Mathioudakis}, M. and {Keenan}, F.~P. and {Hanslmeier}, A.},
        title = "{Kelvin-Helmholtz Instability in Solar Chromospheric Jets: Theory and Observation}",
      journal = {\apj},
     keywords = {magnetohydrodynamics: MHD, methods: analytical, Sun: atmosphere, Sun: chromosphere, Sun: transition region, techniques: imaging spectroscopy, Astrophysics - Solar and Stellar Astrophysics},
         year = 2016,
        month = oct,
       volume = {830},
       number = {2},
          eid = {133},
        pages = {133},
          doi = {10.3847/0004-637X/830/2/133},
archivePrefix = {arXiv},
       eprint = {1608.01497},
 primaryClass = {astro-ph.SR},
       adsurl = {https://ui.adsabs.harvard.edu/abs/2016ApJ...830..133K},
      adsnote = {Provided by the SAO/NASA Astrophysics Data System}
}

@ARTICLE{Liang2019PhFl31k2104L,
       author = {{Liang}, Hong and {Hu}, Xiaoliang and {Huang}, Xuefeng and {Xu}, Jiangrong},
        title = "{Direct numerical simulations of multi-mode immiscible Rayleigh-Taylor instability with high Reynolds numbers}",
      journal = {Physics of Fluids},
         year = 2019,
        month = nov,
       volume = {31},
       number = {11},
          eid = {112104},
        pages = {112104},
          doi = {10.1063/1.5127888},
       adsurl = {https://ui.adsabs.harvard.edu/abs/2019PhFl...31k2104L},
      adsnote = {Provided by the SAO/NASA Astrophysics Data System}
}

@ARTICLE{Li2018NatSR88136L,
       author = {{Li}, Xiaohong and {Zhang}, Jun and {Yang}, Shuhong and {Hou}, Yijun and {Erd{\'e}lyi}, Robert},
        title = "{Observing Kelvin-Helmholtz instability in solar blowout jet}",
      journal = {Scientific Reports},
     keywords = {Astrophysics - Solar and Stellar Astrophysics},
         year = 2018,
        month = may,
       volume = {8},
          eid = {8136},
        pages = {8136},
          doi = {10.1038/s41598-018-26581-4},
archivePrefix = {arXiv},
       eprint = {1806.05867},
 primaryClass = {astro-ph.SR},
       adsurl = {https://ui.adsabs.harvard.edu/abs/2018NatSR...8.8136L},
      adsnote = {Provided by the SAO/NASA Astrophysics Data System}
}


@ARTICLE{Ryutova2010SoPh26775R,
       author = {{Ryutova}, M. and {Berger}, T. and {Frank}, Z. and {Tarbell}, T. and {Title}, A.},
        title = "{Observation of Plasma Instabilities in Quiescent Prominences}",
      journal = {\solphys},
     keywords = {The Sun: prominences, instabilities},
         year = 2010,
        month = nov,
       volume = {267},
       number = {1},
        pages = {75-94},
          doi = {10.1007/s11207-010-9638-9},
       adsurl = {https://ui.adsabs.harvard.edu/abs/2010SoPh..267...75R},
      adsnote = {Provided by the SAO/NASA Astrophysics Data System}
}


@Article{Sharma2018ApJ85361S,
  Title                    = {{Evolution of Complex 3D Motions in Spicules}},
  Author                   = {{Sharma}, Rahul and {Verth}, Gary and {Erd{\'e}lyi}, Robertus},
  Journal                  = {\apj},
  Year                     = {2018},

  Month                    = jan,
  Number                   = {1},
  Pages                    = {61},
  Volume                   = {853},

  Adsnote                  = {Provided by the SAO/NASA Astrophysics Data System},
  Adsurl                   = {https://ui.adsabs.harvard.edu/abs/2018ApJ...853...61S},
  Doi                      = {10.3847/1538-4357/aaa07f},
  Eid                      = {61},
  Keywords                 = {magnetohydrodynamics: MHD, Sun: chromosphere, Sun: oscillations}
}

@Article{Tsiropoula2012,
  Title                    = {{Solar Fine-Scale Structures. I. Spicules and Other Small-Scale, Jet-Like Events at the Chromospheric Level: Observations and Physical Parameters}},
  Author                   = {{Tsiropoula}, G. and {Tziotziou}, K. and {Kontogiannis}, I. and {Madjarska}, M.~S. and {Doyle}, J.~G. and {Suematsu}, Y.},
  Journal                  = {\ssr},
  Year                     = {2012},

  Month                    = sep,
  Pages                    = {181-244},
  Volume                   = {169},

  Adsnote                  = {Provided by the SAO/NASA Astrophysics Data System},
  Adsurl                   = {http://adsabs.harvard.edu/abs/2012SSRv..169..181T},
  Archiveprefix            = {arXiv},
  Doi                      = {10.1007/s11214-012-9920-2},
  Eprint                   = {1207.3956},
  Keywords                 = {Sun, Chromosphere, Spicules, Jet-like structures, Small-scale events, Physical parameters},
  Primaryclass             = {astro-ph.SR}
}

@ARTICLE{Zaqarashvili2020ApJ893L46Z,
       author = {{Zaqarashvili}, Teimuraz V.},
        title = "{Dynamic Kink Instability and Transverse Motions of Solar Spicules}",
      journal = {\apjl},
     keywords = {1525, 1479, 1074, Astrophysics - Solar and Stellar Astrophysics},
         year = 2020,
        month = apr,
       volume = {893},
       number = {2},
          eid = {L46},
        pages = {L46},
          doi = {10.3847/2041-8213/ab881d},
archivePrefix = {arXiv},
       eprint = {2004.04401},
 primaryClass = {astro-ph.SR},
       adsurl = {https://ui.adsabs.harvard.edu/abs/2020ApJ...893L..46Z},
      adsnote = {Provided by the SAO/NASA Astrophysics Data System}
}

